Ticker,QuarterEnd,Revenue,GrossProfit,OperatingIncome,NetIncome,EPS,EBITDA,TotalAssets,TotalLiabilities,CashAndEquivalents,TotalDebt,FreeCashFlow,RnDExpense,GrossMargin,OperatingMargin,NetMargin,ROE,ROA
AAPL,2025-09-30,102466000000.0,48341000000.0,32427000000.0,27466000000.0,0,35931000000.0,359241000000.0,285508000000.0,33539000000.0,112377000000.0,0,0,0.5,0.3,0.3,0.4,0.1
AAPL,2025-06-30,94036000000.0,43718000000.0,28202000000.0,23434000000.0,0,31032000000.0,331495000000.0,265665000000.0,36269000000.0,101698000000.0,0,0,0.5,0.3,0.2,0.4,0.1
AAPL,2025-03-31,95359000000.0,44867000000.0,29589000000.0,24780000000.0,0,32250000000.0,331233000000.0,264437000000.0,28162000000.0,98186000000.0,0,0,0.5,0.3,0.3,0.4,0.1
AAPL,2024-12-31,124300000000.0,58275000000.0,42832000000.0,36330000000.0,0,45912000000.0,344085000000.0,277327000000.0,30299000000.0,96799000000.0,0,0,0.5,0.3,0.3,0.5,0.1
MSFT,2025-09-30,77673000000.0,53630000000.0,37961000000.0,27747000000.0,0,48060000000.0,636351000000.0,273275000000.0,28849000000.0,60556000000.0,0,0,0.7,0.5,0.4,0.1,0.0
MSFT,2025-06-30,76441000000.0,52427000000.0,34323000000.0,27233000000.0,0,44434000000.0,619003000000.0,275524000000.0,30242000000.0,60588000000.0,0,0,0.7,0.4,0.4,0.1,0.0
MSFT,2025-03-31,70066000000.0,48147000000.0,32000000000.0,25824000000.0,0,40711000000.0,562624000000.0,240733000000.0,28828000000.0,60567000000.0,0,0,0.7,0.5,0.4,0.1,0.0
MSFT,2024-12-31,69632000000.0,47833000000.0,31653000000.0,24108000000.0,0,36786000000.0,533898000000.0,231203000000.0,17482000000.0,62224000000.0,0,0,0.7,0.5,0.3,0.1,0.0
NVDA,2025-10-31,57006000000.0,41849000000.0,36010000000.0,31910000000.0,0,38748000000.0,161148000000.0,42251000000.0,11486000000.0,10822000000.0,0,0,0.7,0.6,0.6,0.3,0.2
NVDA,2025-07-31,46743000000.0,33853000000.0,28440000000.0,26422000000.0,0,31937000000.0,140740000000.0,40609000000.0,11639000000.0,10598000000.0,0,0,0.7,0.6,0.6,0.3,0.2
NVDA,2025-04-30,44062000000.0,26668000000.0,21638000000.0,18775000000.0,0,22584000000.0,125254000000.0,41411000000.0,15234000000.0,10285000000.0,0,0,0.6,0.5,0.4,0.2,0.1
NVDA,2025-01-31,39331000000.0,28723000000.0,24034000000.0,22091000000.0,0,25821000000.0,111601000000.0,32274000000.0,8589000000.0,10270000000.0,0,0,0.7,0.6,0.6,0.3,0.2
GOOGL,2025-09-30,102346000000.0,60977000000.0,31228000000.0,34979000000.0,0,49741000000.0,536469000000.0,149602000000.0,23090000000.0,33713000000.0,0,0,0.6,0.3,0.3,0.1,0.1
GOOGL,2025-06-30,96428000000.0,57389000000.0,31271000000.0,28196000000.0,0,39192000000.0,502053000000.0,139137000000.0,21036000000.0,41668000000.0,0,0,0.6,0.3,0.3,0.1,0.1
GOOGL,2025-03-31,90234000000.0,53873000000.0,30606000000.0,34540000000.0,0,46310000000.0,475374000000.0,130107000000.0,23264000000.0,23564000000.0,0,0,0.6,0.3,0.4,0.1,0.1
GOOGL,2024-12-31,96469000000.0,55856000000.0,30972000000.0,26536000000.0,0,36501000000.0,450256000000.0,125172000000.0,23466000000.0,25461000000.0,0,0,0.6,0.3,0.3,0.1,0.1
GOOG,2025-09-30,102346000000.0,60977000000.0,31228000000.0,34979000000.0,0,49741000000.0,536469000000.0,149602000000.0,23090000000.0,33713000000.0,0,0,0.6,0.3,0.3,0.1,0.1
GOOG,2025-06-30,96428000000.0,57389000000.0,31271000000.0,28196000000.0,0,39192000000.0,502053000000.0,139137000000.0,21036000000.0,41668000000.0,0,0,0.6,0.3,0.3,0.1,0.1
GOOG,2025-03-31,90234000000.0,53873000000.0,30606000000.0,34540000000.0,0,46310000000.0,475374000000.0,130107000000.0,23264000000.0,23564000000.0,0,0,0.6,0.3,0.4,0.1,0.1
GOOG,2024-12-31,96469000000.0,55856000000.0,30972000000.0,26536000000.0,0,36501000000.0,450256000000.0,125172000000.0,23466000000.0,25461000000.0,0,0,0.6,0.3,0.3,0.1,0.1
AMZN,2025-09-30,180169000000.0,91499000000.0,17422000000.0,21187000000.0,0,45504000000.0,727921000000.0,358290000000.0,66922000000.0,135419000000.0,0,0,0.5,0.1,0.1,0.1,0.0
AMZN,2025-06-30,167702000000.0,86893000000.0,19171000000.0,18164000000.0,0,36600000000.0,682170000000.0,348395000000.0,57741000000.0,133939000000.0,0,0,0.5,0.1,0.1,0.1,0.0
AMZN,2025-03-31,155667000000.0,78691000000.0,18405000000.0,17127000000.0,0,36482000000.0,643256000000.0,337389000000.0,66207000000.0,133245000000.0,0,0,0.5,0.1,0.1,0.1,0.0
AMZN,2024-12-31,187792000000.0,88899000000.0,21203000000.0,20004000000.0,0,38550000000.0,624894000000.0,338924000000.0,78779000000.0,130900000000.0,0,0,0.5,0.1,0.1,0.1,0.0
META,2025-09-30,51242000000.0,42036000000.0,20535000000.0,2709000000.0,0,26853000000.0,303844000000.0,109778000000.0,10187000000.0,51060000000.0,0,0,0.8,0.4,0.1,0.0,0.0
META,2025-06-30,47516000000.0,39025000000.0,20441000000.0,18337000000.0,0,25117000000.0,294744000000.0,99674000000.0,12005000000.0,49560000000.0,0,0,0.8,0.4,0.4,0.1,0.1
META,2025-03-31,42314000000.0,34742000000.0,17555000000.0,16644000000.0,0,22522000000.0,280213000000.0,95184000000.0,28750000000.0,49519000000.0,0,0,0.8,0.4,0.4,0.1,0.1
META,2024-12-31,48385000000.0,39546000000.0,23364000000.0,20838000000.0,0,28263000000.0,276054000000.0,93417000000.0,43889000000.0,49060000000.0,0,0,0.8,0.5,0.4,0.1,0.1
TSLA,2025-09-30,28095000000.0,5054000000.0,1624000000.0,1373000000.0,0,3660000000.0,133735000000.0,53019000000.0,18877000000.0,13788000000.0,0,0,0.2,0.1,0.0,0.0,0.0
TSLA,2025-06-30,22496000000.0,3878000000.0,923000000.0,1172000000.0,0,3068000000.0,128567000000.0,50495000000.0,15587000000.0,13134000000.0,0,0,0.2,0.0,0.1,0.0,0.0
TSLA,2025-03-31,19335000000.0,3153000000.0,399000000.0,409000000.0,0,2127000000.0,125111000000.0,49693000000.0,16352000000.0,13128000000.0,0,0,0.2,0.0,0.0,0.0,0.0
TSLA,2024-12-31,25707000000.0,4179000000.0,1583000000.0,2314000000.0,0,4358000000.0,122070000000.0,48390000000.0,16139000000.0,13623000000.0,0,0,0.2,0.1,0.1,0.0,0.0
AVGO,2025-10-31,18015000000.0,12249000000.0,7508000000.0,8518000000.0,0,9863000000.0,171092000000.0,89800000000.0,16178000000.0,65136000000.0,0,0,0.7,0.4,0.5,0.1,0.0
AVGO,2025-07-31,15952000000.0,10703000000.0,5887000000.0,4140000000.0,0,8028000000.0,165621000000.0,92344000000.0,10718000000.0,64229000000.0,0,0,0.7,0.4,0.3,0.1,0.0
AVGO,2025-04-30,15004000000.0,10197000000.0,5829000000.0,4965000000.0,0,10194000000.0,164630000000.0,95044000000.0,9472000000.0,67282000000.0,0,0,0.7,0.4,0.3,0.1,0.0
AVGO,2025-01-31,14916000000.0,10145000000.0,6260000000.0,5503000000.0,0,6260000000.0,165358000000.0,95569000000.0,9307000000.0,66579000000.0,0,0,0.7,0.4,0.4,0.1,0.0
WMT,2025-10-31,179496000000.0,44790000000.0,6696000000.0,6143000000.0,0,10302000000.0,288655000000.0,192561000000.0,10582000000.0,64901000000.0,0,0,0.2,0.0,0.0,0.1,0.0
WMT,2025-07-31,177402000000.0,44631000000.0,7286000000.0,7026000000.0,0,13575000000.0,270837000000.0,173980000000.0,9431000000.0,65014000000.0,0,0,0.3,0.0,0.0,0.1,0.0
WMT,2025-04-30,165609000000.0,41306000000.0,7135000000.0,4487000000.0,0,10000000000.0,262372000000.0,171724000000.0,9311000000.0,67205000000.0,0,0,0.2,0.0,0.0,0.0,0.0
WMT,2025-01-31,180554000000.0,44382000000.0,7859000000.0,5254000000.0,0,11054000000.0,260823000000.0,163131000000.0,9037000000.0,60114000000.0,0,0,0.2,0.0,0.0,0.1,0.0
JPM,2025-09-30,71900000000.0,43024000000.0,18743000000.0,14393000000.0,0,20743000000.0,4560205000000.0,4199993000000.0,303436000000.0,496558000000.0,0,0,0.6,0.3,0.2,0.0,0.0
JPM,2025-06-30,69914000000.0,42023000000.0,18284000000.0,14987000000.0,0,20494000000.0,4552482000000.0,4195558000000.0,420327000000.0,485095000000.0,0,0,0.6,0.3,0.2,0.0,0.0
JPM,2025-03-31,68907000000.0,42005000000.0,18408000000.0,14643000000.0,0,20438000000.0,4357856000000.0,4006436000000.0,425903000000.0,1005250000000.0,0,0,0.6,0.3,0.2,0.0,0.0
JPM,2024-12-31,67007000000.0,40137000000.0,17375000000.0,14005000000.0,0,19340000000.0,4002814000000.0,3658056000000.0,469317000000.0,751146000000.0,0,0,0.6,0.3,0.2,0.0,0.0
LLY,2025-09-30,17600800000.0,14592500000.0,7730400000.0,5582500000.0,0,7882000000.0,114935400000.0,91084600000.0,9791900000.0,42506600000.0,0,0,0.8,0.4,0.3,0.2,0.0
LLY,2025-06-30,15557700000.0,13109900000.0,7126200000.0,5660500000.0,0,7503900000.0,100922600000.0,82573500000.0,3375900000.0,39903800000.0,0,0,0.8,0.5,0.4,0.3,0.1
LLY,2025-03-31,12728500000.0,10504300000.0,5408400000.0,2759300000.0,0,4162600000.0,89388800000.0,73542000000.0,3093300000.0,38515900000.0,0,0,0.8,0.4,0.2,0.2,0.0
LLY,2024-12-31,13532800000.0,11129000000.0,5797800000.0,4409800000.0,0,5748200000.0,78714900000.0,64443300000.0,3268400000.0,33644200000.0,0,0,0.8,0.4,0.3,0.3,0.1
V,2025-09-30,10724000000.0,8743000000.0,6148000000.0,5090000000.0,0,6749000000.0,99627000000.0,61718000000.0,17164000000.0,25171000000.0,0,0,0.8,0.6,0.5,0.1,0.1
V,2025-06-30,10172000000.0,8199000000.0,6177000000.0,5272000000.0,0,6689000000.0,100024000000.0,61360000000.0,17092000000.0,25138000000.0,0,0,0.8,0.6,0.5,0.1,0.1
V,2025-03-31,9594000000.0,7713000000.0,5435000000.0,4577000000.0,0,5901000000.0,92853000000.0,54823000000.0,11734000000.0,20762000000.0,0,0,0.8,0.6,0.5,0.1,0.0
V,2024-12-31,9510000000.0,7490000000.0,6234000000.0,5119000000.0,0,6664000000.0,91888000000.0,53592000000.0,12367000000.0,20609000000.0,0,0,0.8,0.7,0.5,0.1,0.1
MA,2025-09-30,8602000000.0,6709000000.0,5061000000.0,3927000000.0,0,5351000000.0,53289000000.0,45370000000.0,10313000000.0,18983000000.0,0,0,0.8,0.6,0.5,0.5,0.1
MA,2025-06-30,8133000000.0,6281000000.0,4777000000.0,3701000000.0,0,5148000000.0,51431000000.0,43557000000.0,9031000000.0,18970000000.0,0,0,0.8,0.6,0.5,0.5,0.1
MA,2025-03-31,7250000000.0,5562000000.0,4149000000.0,3280000000.0,0,4488000000.0,48470000000.0,41774000000.0,7575000000.0,18802000000.0,0,0,0.8,0.6,0.5,0.5,0.1
MA,2024-12-31,7489000000.0,5836000000.0,3938000000.0,3342000000.0,0,4306000000.0,48081000000.0,41566000000.0,8442000000.0,18226000000.0,0,0,0.8,0.5,0.4,0.5,0.1
UNH,2025-09-30,113161000000.0,20637000000.0,4315000000.0,2348000000.0,0,5331000000.0,315269000000.0,209456000000.0,27210000000.0,80136000000.0,0,0,0.2,0.0,0.0,0.0,0.0
UNH,2025-06-30,111616000000.0,20012000000.0,5150000000.0,3406000000.0,0,6193000000.0,308573000000.0,203789000000.0,28596000000.0,79193000000.0,0,0,0.2,0.0,0.0,0.0,0.0
UNH,2025-03-31,109575000000.0,23774000000.0,9119000000.0,6292000000.0,0,10165000000.0,309790000000.0,204621000000.0,34291000000.0,9986000000.0,0,0,0.2,0.1,0.1,0.1,0.0
UNH,2024-12-31,100807000000.0,21308000000.0,7773000000.0,5543000000.0,0,8835000000.0,298278000000.0,195687000000.0,25312000000.0,76904000000.0,0,0,0.2,0.1,0.1,0.1,0.0
XOM,2025-09-30,83331000000.0,18685000000.0,9178000000.0,7548000000.0,0,17614000000.0,454340000000.0,186117000000.0,13814000000.0,42036000000.0,0,0,0.2,0.1,0.1,0.0,0.0
XOM,2025-06-30,79477000000.0,17947000000.0,8911000000.0,7082000000.0,0,16951000000.0,447597000000.0,177635000000.0,14352000000.0,38989000000.0,0,0,0.2,0.1,0.1,0.0,0.0
XOM,2025-03-31,81058000000.0,18485000000.0,9846000000.0,7713000000.0,0,17507000000.0,451908000000.0,182102000000.0,17036000000.0,37551000000.0,0,0,0.2,0.1,0.1,0.0,0.0
XOM,2024-12-31,81058000000.0,17247000000.0,7773000000.0,7610000000.0,0,16695000000.0,453475000000.0,182869000000.0,23029000000.0,41710000000.0,0,0,0.2,0.1,0.1,0.0,0.0
ORCL,2025-11-30,16057000000.0,11999000000.0,4731000000.0,6135000000.0,0,5078000000.0,204984000000.0,174527000000.0,19241000000.0,124386000000.0,0,0,0.7,0.3,0.4,0.2,0.0
ORCL,2025-08-31,14926000000.0,10042000000.0,4277000000.0,2927000000.0,0,4770000000.0,180449000000.0,155783000000.0,10445000000.0,105409000000.0,0,0,0.7,0.3,0.2,0.1,0.0
ORCL,2025-05-31,15903000000.0,11162000000.0,5109000000.0,3427000000.0,0,6826000000.0,168361000000.0,147392000000.0,10786000000.0,104104000000.0,0,0,0.7,0.3,0.2,0.2,0.0
ORCL,2025-02-28,14130000000.0,9935000000.0,4358000000.0,2936000000.0,0,5891000000.0,161378000000.0,144117000000.0,17406000000.0,96276000000.0,0,0,0.7,0.3,0.2,0.2,0.0
COST,2025-11-30,67307000000.0,8797000000.0,2463000000.0,2001000000.0,0,3060000000.0,82790000000.0,52487000000.0,16217000000.0,8102000000.0,0,0,0.1,0.0,0.0,0.1,0.0
COST,2025-08-31,86156000000.0,11119000000.0,3341000000.0,2610000000.0,0,5686000000.0,77099000000.0,47935000000.0,14161000000.0,8173000000.0,0,0,0.1,0.0,0.0,0.1,0.0
COST,2025-05-31,63205000000.0,8209000000.0,2530000000.0,1903000000.0,0,3167000000.0,75482000000.0,48357000000.0,13836000000.0,8358000000.0,0,0,0.1,0.0,0.0,0.1,0.0
COST,2025-02-28,63723000000.0,7979000000.0,2316000000.0,1788000000.0,0,1801000000.0,73224000000.0,47647000000.0,12356000000.0,8039000000.0,0,0,0.1,0.0,0.0,0.1,0.0
NFLX,2025-09-30,11510307000.0,5346057000.0,3248247000.0,2546916000.0,0,7374774000.0,54934835000.0,28980800000.0,8724830000.0,16626148000.0,0,0,0.5,0.3,0.2,0.1,0.0
NFLX,2025-06-30,11079166000.0,5753855000.0,3774694000.0,3125413000.0,0,7726411000.0,53099664000.0,28147765000.0,8177405000.0,16933967000.0,0,0,0.5,0.3,0.3,0.1,0.1
NFLX,2025-03-31,10542801000.0,5279654000.0,3346999000.0,2890351000.0,0,7301077000.0,52087644000.0,28059571000.0,7199848000.0,17423487000.0,0,0,0.5,0.3,0.3,0.1,0.1
NFLX,2024-12-31,10246513000.0,4479149000.0,2272766000.0,1868607000.0,0,6182705000.0,53630374000.0,28886807000.0,7804733000.0,15582804000.0,0,0,0.4,0.2,0.2,0.1,0.0
HD,2025-10-31,41352000000.0,13815000000.0,5353000000.0,3601000000.0,0,6211000000.0,106274000000.0,94158000000.0,1684000000.0,58946000000.0,0,0,0.3,0.1,0.1,0.3,0.0
HD,2025-07-31,45277000000.0,15125000000.0,6555000000.0,4551000000.0,0,7188000000.0,100049000000.0,89384000000.0,2804000000.0,61321000000.0,0,0,0.3,0.1,0.1,0.4,0.0
HD,2025-04-30,39856000000.0,13459000000.0,5133000000.0,3433000000.0,0,6151000000.0,99157000000.0,91202000000.0,1369000000.0,61291000000.0,0,0,0.3,0.1,0.1,0.4,0.0
HD,2025-01-31,39704000000.0,13034000000.0,4495000000.0,2997000000.0,0,5534000000.0,96119000000.0,89479000000.0,1659000000.0,62290000000.0,0,0,0.3,0.1,0.1,0.5,0.0
PG,2025-09-30,22386000000.0,11499000000.0,5856000000.0,4750000000.0,0,6992000000.0,127599000000.0,74048000000.0,11171000000.0,35946000000.0,0,0,0.5,0.3,0.2,0.1,0.0
PG,2025-06-30,20889000000.0,10258000000.0,4355000000.0,3616000000.0,0,5456000000.0,125231000000.0,72947000000.0,9556000000.0,35463000000.0,0,0,0.5,0.2,0.2,0.1,0.0
PG,2025-03-31,19776000000.0,10082000000.0,4558000000.0,3769000000.0,0,5568000000.0,122984000000.0,70439000000.0,9116000000.0,34141000000.0,0,0,0.5,0.2,0.2,0.1,0.0
PG,2024-12-31,21882000000.0,11464000000.0,5741000000.0,4630000000.0,0,6791000000.0,122639000000.0,71196000000.0,10230000000.0,34687000000.0,0,0,0.5,0.3,0.2,0.1,0.0
JNJ,2025-09-30,23993000000.0,16690000000.0,7096000000.0,5152000000.0,0,9288000000.0,192816000000.0,113539000000.0,18231000000.0,45795000000.0,0,0,0.7,0.3,0.2,0.1,0.0
JNJ,2025-06-30,23743000000.0,16115000000.0,6810000000.0,5537000000.0,0,8742000000.0,193389000000.0,114916000000.0,18577000000.0,50761000000.0,0,0,0.7,0.3,0.2,0.1,0.0
JNJ,2025-03-31,21893000000.0,14536000000.0,6299000000.0,10999000000.0,0,15607000000.0,193671000000.0,115562000000.0,38474000000.0,52252000000.0,0,0,0.7,0.3,0.5,0.1,0.1
JNJ,2024-12-31,22520000000.0,15392000000.0,3841000000.0,3431000000.0,0,5920000000.0,180104000000.0,108614000000.0,24105000000.0,36634000000.0,0,0,0.7,0.2,0.2,0.0,0.0
BAC,2025-09-30,48221000000.0,26793000000.0,9456000000.0,8469000000.0,0,10040000000.0,3403216000000.0,3099064000000.0,246507000000.0,707772000000.0,0,0,0.6,0.2,0.2,0.0,0.0
BAC,2025-06-30,46666000000.0,24871000000.0,7688000000.0,7116000000.0,0,8269000000.0,3441142000000.0,3141543000000.0,275388000000.0,760769000000.0,0,0,0.5,0.2,0.2,0.0,0.0
BAC,2025-03-31,46989000000.0,25886000000.0,8116000000.0,7396000000.0,0,8681000000.0,3349424000000.0,3053843000000.0,280861000000.0,721686000000.0,0,0,0.6,0.2,0.2,0.0,0.0
BAC,2024-12-31,46965000000.0,23895000000.0,7108000000.0,6665000000.0,0,7667000000.0,3261519000000.0,2965960000000.0,296486000000.0,658428000000.0,0,0,0.5,0.2,0.1,0.0,0.0
CRM,2025-10-31,10259000000.0,8004000000.0,2188000000.0,2086000000.0,0,3005000000.0,95144000000.0,35123000000.0,8978000000.0,11139000000.0,0,0,0.8,0.2,0.2,0.0,0.0
CRM,2025-07-31,10236000000.0,7994000000.0,2332000000.0,1887000000.0,0,3223000000.0,97573000000.0,36245000000.0,10365000000.0,11237000000.0,0,0,0.8,0.2,0.2,0.0,0.0
CRM,2025-04-30,9829000000.0,7564000000.0,1942000000.0,1541000000.0,0,2749000000.0,98610000000.0,37944000000.0,10928000000.0,11369000000.0,0,0,0.8,0.2,0.2,0.0,0.0
CRM,2025-01-31,9993000000.0,7776000000.0,1820000000.0,1708000000.0,0,2995000000.0,102928000000.0,41755000000.0,8848000000.0,11392000000.0,0,0,0.8,0.2,0.2,0.0,0.0
ABBV,2025-09-30,15776000000.0,12386000000.0,4891000000.0,186000000.0,0,3444000000.0,133898000000.0,136497000000.0,5629000000.0,68743000000.0,0,0,0.8,0.3,0.0,0.0,0.0
ABBV,2025-06-30,15423000000.0,13020000000.0,5862000000.0,944000000.0,0,4344000000.0,137182000000.0,137320000000.0,6467000000.0,70481000000.0,0,0,0.8,0.4,0.1,0.0,0.0
ABBV,2025-03-31,13343000000.0,9341000000.0,3733000000.0,1286000000.0,0,4400000000.0,136165000000.0,134703000000.0,5175000000.0,69889000000.0,0,0,0.7,0.3,0.1,0.9,0.0
ABBV,2024-12-31,15102000000.0,10706000000.0,-1490000000.0,-22000000.0,0,535000000.0,135161000000.0,131797000000.0,5524000000.0,67841000000.0,0,0,0.7,-0.1,-0.0,-0.0,-0.0
CVX,2025-09-30,48169000000.0,5574000000.0,4227000000.0,3539000000.0,0,11565000000.0,326501000000.0,130901000000.0,7725000000.0,41544000000.0,0,0,0.1,0.1,0.1,0.0,0.0
CVX,2025-06-30,44375000000.0,5275000000.0,3974000000.0,2490000000.0,0,8765000000.0,250820000000.0,103562000000.0,4061000000.0,29467000000.0,0,0,0.1,0.1,0.1,0.0,0.0
CVX,2025-03-31,47610000000.0,11360000000.0,-1845000000.0,3512000000.0,0,9918000000.0,256397000000.0,106317000000.0,4638000000.0,29681000000.0,0,0,0.2,-0.0,0.1,0.0,0.0
CVX,2024-12-31,48334000000.0,13213000000.0,2416000000.0,3239000000.0,0,11435000000.0,256938000000.0,103781000000.0,6781000000.0,24541000000.0,0,0,0.3,0.0,0.1,0.0,0.0
KO,2025-09-30,12455000000.0,7658000000.0,3982000000.0,3696000000.0,0,4842000000.0,106045000000.0,72778000000.0,12732000000.0,47416000000.0,0,0,0.6,0.3,0.3,0.1,0.0
KO,2025-06-30,12535000000.0,7821000000.0,4280000000.0,3810000000.0,0,5520000000.0,104333000000.0,74151000000.0,9590000000.0,49446000000.0,0,0,0.6,0.3,0.3,0.1,0.0
KO,2025-03-31,11129000000.0,6966000000.0,3659000000.0,3330000000.0,0,4711000000.0,101716000000.0,73962000000.0,8417000000.0,49111000000.0,0,0,0.6,0.3,0.3,0.1,0.0
KO,2024-12-31,11544000000.0,6931000000.0,2709000000.0,2195000000.0,0,3513000000.0,100549000000.0,74177000000.0,10828000000.0,45445000000.0,0,0,0.6,0.2,0.2,0.1,0.0
TMUS,2025-09-30,21957000000.0,10823000000.0,4862000000.0,2714000000.0,0,7796000000.0,217180000000.0,156703000000.0,3581000000.0,120437000000.0,0,0,0.5,0.2,0.1,0.0,0.0
TMUS,2025-06-30,21132000000.0,13756000000.0,5213000000.0,3222000000.0,0,8348000000.0,212643000000.0,151536000000.0,10259000000.0,117860000000.0,0,0,0.7,0.2,0.2,0.1,0.0
TMUS,2025-03-31,20886000000.0,13486000000.0,4800000000.0,2953000000.0,0,7952000000.0,214633000000.0,153528000000.0,12003000000.0,120910000000.0,0,0,0.6,0.2,0.1,0.0,0.0
TMUS,2024-12-31,21872000000.0,13087000000.0,4586000000.0,2981000000.0,0,7829000000.0,208035000000.0,146294000000.0,5409000000.0,114404000000.0,0,0,0.6,0.2,0.1,0.0,0.0
WFC,2025-09-30,31905000000.0,20755000000.0,6909000000.0,5589000000.0,0,7305000000.0,2062926000000.0,1879914000000.0,174325000000.0,408422000000.0,0,0,0.7,0.2,0.2,0.0,0.0
WFC,2025-06-30,30434000000.0,19817000000.0,6438000000.0,5494000000.0,0,8331000000.0,1981269000000.0,1798315000000.0,194561000000.0,364232000000.0,0,0,0.7,0.2,0.2,0.0,0.0
WFC,2025-03-31,29627000000.0,19217000000.0,5326000000.0,4894000000.0,0,7184000000.0,1950311000000.0,1767405000000.0,177565000000.0,313436000000.0,0,0,0.6,0.2,0.2,0.0,0.0
WFC,2024-12-31,30597000000.0,19283000000.0,5383000000.0,5079000000.0,0,7367000000.0,1929845000000.0,1748779000000.0,203361000000.0,281884000000.0,0,0,0.6,0.2,0.2,0.0,0.0
MRK,2025-09-30,17276000000.0,14152000000.0,7556000000.0,5785000000.0,0,8137000000.0,129546000000.0,77639000000.0,18169000000.0,41374000000.0,0,0,0.8,0.4,0.3,0.1,0.0
MRK,2025-06-30,15806000000.0,12249000000.0,5552000000.0,4427000000.0,0,6423000000.0,117523000000.0,68463000000.0,8007000000.0,35402000000.0,0,0,0.8,0.4,0.3,0.1,0.0
MRK,2025-03-31,15529000000.0,12110000000.0,5937000000.0,5079000000.0,0,7315000000.0,115122000000.0,66722000000.0,8629000000.0,34844000000.0,0,0,0.8,0.4,0.3,0.1,0.0
MRK,2024-12-31,15624000000.0,11796000000.0,4348000000.0,3743000000.0,0,5695000000.0,117106000000.0,70734000000.0,13242000000.0,38270000000.0,0,0,0.8,0.3,0.2,0.1,0.0
CSCO,2025-10-31,14883000000.0,9745000000.0,3363000000.0,2860000000.0,0,4347000000.0,121102000000.0,74229000000.0,8400000000.0,28089000000.0,0,0,0.7,0.2,0.2,0.1,0.0
CSCO,2025-07-31,14673000000.0,9280000000.0,3087000000.0,2550000000.0,0,4002000000.0,122291000000.0,75448000000.0,9473000000.0,29643000000.0,0,0,0.6,0.2,0.2,0.1,0.0
CSCO,2025-04-30,14149000000.0,9278000000.0,3202000000.0,2491000000.0,0,3976000000.0,119782000000.0,73847000000.0,9666000000.0,30745000000.0,0,0,0.7,0.2,0.2,0.1,0.0
CSCO,2025-01-31,13991000000.0,9111000000.0,3113000000.0,2428000000.0,0,4052000000.0,121375000000.0,75845000000.0,8556000000.0,32422000000.0,0,0,0.7,0.2,0.2,0.1,0.0
ACN,2025-11-30,18742125000.0,6167764000.0,3151885000.0,2211561000.0,0,3410005000.0,64698463000.0,32776181000.0,9649405000.0,8201999000.0,0,0,0.3,0.2,0.1,0.1,0.0
ACN,2025-08-31,17596260000.0,5610934000.0,2049691000.0,1413963000.0,0,2900410000.0,65394897000.0,33153930000.0,11478729000.0,8182866000.0,0,0,0.3,0.1,0.1,0.0,0.0
ACN,2025-05-31,17727871000.0,5826650000.0,2982782000.0,2197501000.0,0,3310745000.0,63362028000.0,31812514000.0,9631607000.0,8165258000.0,0,0,0.3,0.2,0.1,0.1,0.0
ACN,2025-02-28,16659301000.0,4974988000.0,2244714000.0,1788075000.0,0,2714304000.0,59869756000.0,29687808000.0,8490438000.0,8060330000.0,0,0,0.3,0.1,0.1,0.1,0.0
IBM,2025-09-30,16331000000.0,9591000000.0,2660000000.0,1744000000.0,0,4205000000.0,146312000000.0,118322000000.0,11569000000.0,66569000000.0,0,0,0.6,0.2,0.1,0.1,0.0
IBM,2025-06-30,16977000000.0,9977000000.0,3086000000.0,2194000000.0,0,4374000000.0,148585000000.0,120997000000.0,11943000000.0,67719000000.0,0,0,0.6,0.2,0.1,0.1,0.0
IBM,2025-03-31,14541000000.0,8031000000.0,1765000000.0,1055000000.0,0,2790000000.0,145667000000.0,118715000000.0,11035000000.0,66835000000.0,0,0,0.6,0.1,0.1,0.0,0.0
IBM,2024-12-31,17553000000.0,10439000000.0,3901000000.0,2914000000.0,0,4843000000.0,137175000000.0,109782000000.0,13947000000.0,58396000000.0,0,0,0.6,0.2,0.2,0.1,0.0
TMO,2025-09-30,11122000000.0,4652000000.0,1943000000.0,1616000000.0,0,2838000000.0,103020000000.0,51996000000.0,1982000000.0,35680000000.0,0,0,0.4,0.2,0.1,0.0,0.0
TMO,2025-06-30,10855000000.0,4048000000.0,1917000000.0,1617000000.0,0,2798000000.0,101230000000.0,50628000000.0,4579000000.0,35229000000.0,0,0,0.4,0.2,0.1,0.0,0.0
TMO,2025-03-31,10364000000.0,4245000000.0,1840000000.0,1507000000.0,0,2628000000.0,99041000000.0,49555000000.0,4134000000.0,34189000000.0,0,0,0.4,0.2,0.1,0.0,0.0
TMO,2024-12-31,11395000000.0,4467000000.0,2268000000.0,1830000000.0,0,3068000000.0,97321000000.0,47650000000.0,4009000000.0,32775000000.0,0,0,0.4,0.2,0.2,0.0,0.0
AXP,2025-09-30,20557000000.0,17139000000.0,3825000000.0,2902000000.0,0,4282000000.0,297550000000.0,265133000000.0,53435000000.0,59233000000.0,0,0,0.8,0.2,0.1,0.1,0.0
AXP,2025-06-30,19933000000.0,16451000000.0,3550000000.0,2885000000.0,0,3977000000.0,295556000000.0,263245000000.0,57830000000.0,59695000000.0,0,0,0.8,0.2,0.1,0.1,0.0
AXP,2025-03-31,18933000000.0,15817000000.0,3330000000.0,2584000000.0,0,3763000000.0,282244000000.0,251042000000.0,52406000000.0,52795000000.0,0,0,0.8,0.2,0.1,0.1,0.0
AXP,2024-12-31,19218000000.0,15887000000.0,2756000000.0,2170000000.0,0,3184000000.0,271461000000.0,241197000000.0,40552000000.0,51089000000.0,0,0,0.8,0.1,0.1,0.1,0.0
MS,2025-09-30,30048000000.0,17083000000.0,6028000000.0,4610000000.0,0,7376000000.0,1364806000000.0,1253755000000.0,73473000000.0,414624000000.0,0,0,0.6,0.2,0.2,0.0,0.0
MS,2025-06-30,28162000000.0,15408000000.0,4622000000.0,3539000000.0,0,5929000000.0,1353870000000.0,1244600000000.0,109130000000.0,436985000000.0,0,0,0.5,0.2,0.1,0.0,0.0
MS,2025-03-31,27912000000.0,16382000000.0,5544000000.0,4315000000.0,0,6409000000.0,1300296000000.0,1192449000000.0,60835000000.0,396929000000.0,0,0,0.6,0.2,0.2,0.0,0.0
MS,2024-12-31,25982000000.0,14928000000.0,4906000000.0,3714000000.0,0,6551000000.0,1215071000000.0,1109643000000.0,75743000000.0,360488000000.0,0,0,0.6,0.2,0.1,0.0,0.0
ABT,2025-09-30,11369000000.0,6338000000.0,2030000000.0,1644000000.0,0,3015000000.0,84181000000.0,32917000000.0,7511000000.0,12941000000.0,0,0,0.6,0.2,0.1,0.0,0.0
ABT,2025-06-30,11142000000.0,6288000000.0,2052000000.0,1779000000.0,0,3048000000.0,83999000000.0,33170000000.0,6951000000.0,13437000000.0,0,0,0.6,0.2,0.2,0.0,0.0
ABT,2025-03-31,10358000000.0,5444000000.0,1688000000.0,1325000000.0,0,2668000000.0,81448000000.0,32384000000.0,6532000000.0,13242000000.0,0,0,0.5,0.2,0.1,0.0,0.0
ABT,2024-12-31,10974000000.0,5598000000.0,1990000000.0,9229000000.0,0,2989000000.0,81414000000.0,33513000000.0,7616000000.0,15275000000.0,0,0,0.5,0.2,0.8,0.2,0.1
GE,2025-09-30,12221000000.0,4459000000.0,2796000000.0,2157000000.0,0,3043000000.0,128243000000.0,109222000000.0,12501000000.0,20838000000.0,0,0,0.4,0.2,0.2,0.1,0.0
GE,2025-06-30,11022000000.0,4176000000.0,2099000000.0,2028000000.0,0,2858000000.0,125256000000.0,105911000000.0,10861000000.0,19997000000.0,0,0,0.4,0.2,0.2,0.1,0.0
GE,2025-03-31,9934000000.0,3939000000.0,2003000000.0,1978000000.0,0,2754000000.0,124123000000.0,104655000000.0,12405000000.0,20714000000.0,0,0,0.4,0.2,0.2,0.1,0.0
GE,2024-12-31,10811000000.0,4049000000.0,2605000000.0,1899000000.0,0,2815000000.0,125761000000.0,106196000000.0,13619000000.0,20378000000.0,0,0,0.4,0.2,0.2,0.1,0.0
BX,2025-09-30,2812169000.0,2685881000.0,1446582000.0,624917000.0,0,1455557000.0,45078078000.0,25192849000.0,2430690000.0,12888785000.0,0,0,1.0,0.5,0.2,0.0,0.0
BX,2025-06-30,3711900000.0,3576078000.0,1915627000.0,764244000.0,0,1924601000.0,45373094000.0,24294214000.0,2235499000.0,12927757000.0,0,0,1.0,0.5,0.2,0.0,0.0
BX,2025-03-31,2944555000.0,2826440000.0,1452601000.0,614852000.0,0,1461576000.0,45255629000.0,25390726000.0,2386979000.0,13391928000.0,0,0,1.0,0.5,0.2,0.0,0.0
BX,2024-12-31,2818175000.0,2702643000.0,1561277000.0,703873000.0,0,1570298000.0,43469875000.0,23974860000.0,1972140000.0,12286698000.0,0,0,1.0,0.6,0.2,0.0,0.0
LIN,2025-09-30,8615000000.0,3275000000.0,2342000000.0,1929000000.0,0,3438000000.0,85993000000.0,45907000000.0,4509000000.0,25925000000.0,0,0,0.4,0.3,0.2,0.0,0.0
LIN,2025-06-30,8495000000.0,4189000000.0,2354000000.0,1766000000.0,0,3355000000.0,86078000000.0,46092000000.0,4786000000.0,25920000000.0,0,0,0.5,0.3,0.2,0.0,0.0
LIN,2025-03-31,8112000000.0,3045000000.0,2221000000.0,1673000000.0,0,3090000000.0,82704000000.0,43241000000.0,5294000000.0,23897000000.0,0,0,0.4,0.3,0.2,0.0,0.0
LIN,2024-12-31,8282000000.0,3049000000.0,2196000000.0,1725000000.0,0,3408000000.0,80147000000.0,40659000000.0,4850000000.0,22609000000.0,0,0,0.4,0.3,0.2,0.0,0.0
NOW,2025-09-30,3407000000.0,2633000000.0,572000000.0,502000000.0,0,894000000.0,21789000000.0,10488000000.0,2725000000.0,2402000000.0,0,0,0.8,0.2,0.1,0.0,0.0
NOW,2025-06-30,3215000000.0,2491000000.0,358000000.0,385000000.0,0,649000000.0,22051000000.0,11119000000.0,3133000000.0,2409000000.0,0,0,0.8,0.1,0.1,0.0,0.0
NOW,2025-03-31,3088000000.0,2437000000.0,451000000.0,460000000.0,0,721000000.0,20972000000.0,10833000000.0,3369000000.0,2399000000.0,0,0,0.8,0.1,0.1,0.0,0.0
NOW,2024-12-31,2957000000.0,2326000000.0,374000000.0,384000000.0,0,622000000.0,20383000000.0,10774000000.0,2304000000.0,2278000000.0,0,0,0.8,0.1,0.1,0.0,0.0
PEP,2025-09-30,23937000000.0,12824000000.0,3569000000.0,2603000000.0,0,4593000000.0,106558000000.0,87015000000.0,8126000000.0,50849000000.0,0,0,0.5,0.1,0.1,0.1,0.0
PEP,2025-06-30,22726000000.0,12422000000.0,1789000000.0,1263000000.0,0,2808000000.0,105345000000.0,86786000000.0,7631000000.0,51384000000.0,0,0,0.5,0.1,0.1,0.1,0.0
PEP,2025-03-31,22724000000.0,12511000000.0,3852000000.0,1263000000.0,0,2815000000.0,105345000000.0,86786000000.0,7631000000.0,51384000000.0,0,0,0.6,0.2,0.1,0.1,0.0
PEP,2024-12-31,27784000000.0,14729000000.0,3077000000.0,1523000000.0,0,3365000000.0,99467000000.0,81296000000.0,8505000000.0,44948000000.0,0,0,0.5,0.1,0.1,0.1,0.0
MCD,2025-09-30,7078000000.0,4105000000.0,3357000000.0,2278000000.0,0,3914000000.0,60608000000.0,62771000000.0,2413000000.0,55818000000.0,0,0,0.6,0.5,0.3,0.0,0.0
MCD,2025-06-30,6843000000.0,3962000000.0,3232000000.0,2253000000.0,0,3795000000.0,59555000000.0,62315000000.0,1876000000.0,55867000000.0,0,0,0.6,0.5,0.3,0.0,0.0
MCD,2025-03-31,5955000000.0,3336000000.0,2648000000.0,1868000000.0,0,3226000000.0,56329000000.0,59783000000.0,1238000000.0,52763000000.0,0,0,0.6,0.4,0.3,0.0,0.0
MCD,2024-12-31,6388000000.0,3679000000.0,2868000000.0,2016000000.0,0,3471000000.0,55182000000.0,58979000000.0,1085000000.0,51948000000.0,0,0,0.6,0.4,0.3,0.0,0.0
DIS,2025-09-30,22464000000.0,8446000000.0,2603000000.0,1313000000.0,0,3948000000.0,197514000000.0,82902000000.0,5695000000.0,42026000000.0,0,0,0.4,0.1,0.1,0.0,0.0
DIS,2025-06-30,23650000000.0,9118000000.0,3645000000.0,5262000000.0,0,4981000000.0,196612000000.0,82856000000.0,5367000000.0,42263000000.0,0,0,0.4,0.2,0.2,0.0,0.0
DIS,2025-03-31,23621000000.0,8811000000.0,3506000000.0,3275000000.0,0,4882000000.0,195833000000.0,87067000000.0,5852000000.0,42889000000.0,0,0,0.4,0.1,0.1,0.0,0.0
DIS,2024-12-31,24690000000.0,9284000000.0,4078000000.0,2554000000.0,0,5423000000.0,197046000000.0,90307000000.0,5486000000.0,45308000000.0,0,0,0.4,0.2,0.1,0.0,0.0
ISRG,2025-09-30,2505100000.0,1662400000.0,759700000.0,704400000.0,0,1015200000.0,19351800000.0,2309700000.0,2806600000.0,0.0,0,0,0.7,0.3,0.3,0.0,0.0
ISRG,2025-06-30,2440000000.0,1621100000.0,743400000.0,658400000.0,0,987400000.0,20163200000.0,2210100000.0,3403100000.0,0.0,0,0,0.7,0.3,0.3,0.0,0.0
ISRG,2025-03-31,2253400000.0,1457700000.0,578100000.0,698400000.0,0,719000000.0,19220400000.0,2012700000.0,2573800000.0,0.0,0,0,0.6,0.3,0.3,0.0,0.0
ISRG,2024-12-31,2413500000.0,1642200000.0,734900000.0,685700000.0,0,859600000.0,18838600000.0,2309000000.0,2027400000.0,146000000.0,0,0,0.7,0.3,0.3,0.0,0.0
PM,2025-09-30,10845000000.0,7358000000.0,4263000000.0,3478000000.0,0,5140000000.0,67061000000.0,76045000000.0,4037000000.0,50082000000.0,0,0,0.7,0.4,0.3,0.0,0.1
PM,2025-06-30,10140000000.0,6861000000.0,3753000000.0,3031000000.0,0,4191000000.0,68506000000.0,78518000000.0,4138000000.0,51462000000.0,0,0,0.7,0.4,0.3,0.0,0.0
PM,2025-03-31,9249000000.0,5968000000.0,3775000000.0,2682000000.0,0,4012000000.0,65079000000.0,74005000000.0,4443000000.0,49579000000.0,0,0,0.6,0.4,0.3,0.0,0.0
PM,2024-12-31,9706000000.0,6283000000.0,3259000000.0,-579000000.0,0,4340000000.0,61784000000.0,71654000000.0,4216000000.0,45695000000.0,0,0,0.6,0.3,-0.1,0.0,-0.0
GS,2025-09-30,32154000000.0,14845000000.0,5392000000.0,4098000000.0,0,5923000000.0,1808000000000.0,1675611000000.0,169000000000.0,665000000000.0,0,0,0.5,0.2,0.1,0.0,0.0
GS,2025-06-30,31268000000.0,14199000000.0,4958000000.0,3723000000.0,0,5576000000.0,1785009000000.0,1660913000000.0,152967000000.0,603194000000.0,0,0,0.5,0.2,0.1,0.0,0.0
GS,2025-03-31,31550000000.0,14775000000.0,5647000000.0,4738000000.0,0,6153000000.0,1766181000000.0,1641881000000.0,167408000000.0,609737000000.0,0,0,0.5,0.2,0.2,0.0,0.0
GS,2024-12-31,32240000000.0,13518000000.0,5257000000.0,4111000000.0,0,5755000000.0,1675972000000.0,1553976000000.0,182092000000.0,616935000000.0,0,0,0.4,0.2,0.1,0.0,0.0
AMD,2025-09-30,9246000000.0,4780000000.0,1270000000.0,1243000000.0,0,2116000000.0,76891000000.0,16101000000.0,4808000000.0,3870000000.0,0,0,0.5,0.1,0.1,0.0,0.0
AMD,2025-06-30,7685000000.0,3059000000.0,-134000000.0,872000000.0,0,721000000.0,74820000000.0,15155000000.0,4442000000.0,3886000000.0,0,0,0.4,-0.0,0.1,0.0,0.0
AMD,2025-03-31,7438000000.0,3736000000.0,806000000.0,709000000.0,0,1587000000.0,71550000000.0,13669000000.0,6049000000.0,4731000000.0,0,0,0.5,0.1,0.1,0.0,0.0
AMD,2024-12-31,7658000000.0,3882000000.0,871000000.0,482000000.0,0,1694000000.0,69226000000.0,11658000000.0,3787000000.0,2212000000.0,0,0,0.5,0.1,0.1,0.0,0.0
QCOM,2025-09-30,11271000000.0,6237000000.0,2918000000.0,-3117000000.0,0,3512000000.0,50143000000.0,28937000000.0,5520000000.0,14811000000.0,0,0,0.6,0.3,-0.3,-0.1,-0.1
QCOM,2025-06-30,10365000000.0,5759000000.0,2762000000.0,2666000000.0,0,3737000000.0,54862000000.0,27653000000.0,5448000000.0,14788000000.0,0,0,0.6,0.3,0.3,0.1,0.0
QCOM,2025-03-31,10979000000.0,6042000000.0,3120000000.0,2812000000.0,0,3120000000.0,55372000000.0,27644000000.0,7203000000.0,14623000000.0,0,0,0.6,0.3,0.3,0.1,0.1
QCOM,2024-12-31,11669000000.0,6508000000.0,3555000000.0,3180000000.0,0,4234000000.0,55575000000.0,28695000000.0,8713000000.0,14577000000.0,0,0,0.6,0.3,0.3,0.1,0.1
ADBE,2025-11-30,6194000000.0,5508000000.0,2261000000.0,1856000000.0,0,2448000000.0,29496000000.0,17873000000.0,5431000000.0,6648000000.0,0,0,0.9,0.4,0.3,0.2,0.1
ADBE,2025-08-31,5988000000.0,5346000000.0,2173000000.0,1772000000.0,0,2462000000.0,28754000000.0,16984000000.0,4982000000.0,6636000000.0,0,0,0.9,0.4,0.3,0.2,0.1
ADBE,2025-05-31,5873000000.0,5235000000.0,2109000000.0,1691000000.0,0,2378000000.0,28107000000.0,16659000000.0,4931000000.0,6563000000.0,0,0,0.9,0.4,0.3,0.1,0.1
ADBE,2025-02-28,5714000000.0,5092000000.0,2163000000.0,1811000000.0,0,2461000000.0,29955000000.0,16860000000.0,6758000000.0,6563000000.0,0,0,0.9,0.4,0.3,0.1,0.1
PLTR,2025-09-30,1181092000.0,973785000.0,393256000.0,475599000.0,0,486476000.0,8113960000.0,1425691000.0,1615967000.0,235436000.0,0,0,0.8,0.3,0.4,0.1,0.1
PLTR,2025-06-30,1003697000.0,810763000.0,269317000.0,326727000.0,0,275847000.0,7365688000.0,1340124000.0,929547000.0,237812000.0,0,0,0.8,0.3,0.3,0.1,0.0
PLTR,2025-03-31,883855000.0,710885000.0,176048000.0,214031000.0,0,182670000.0,6736917000.0,1217944000.0,993464000.0,244596000.0,0,0,0.8,0.2,0.2,0.0,0.0
PLTR,2024-12-31,827519000.0,652986000.0,11043000.0,79009000.0,0,18049000.0,6340884000.0,1246477000.0,2098524000.0,239219000.0,0,0,0.8,0.0,0.1,0.0,0.0
CAT,2025-09-30,17638000000.0,5965000000.0,3052000000.0,2290000000.0,0,4051000000.0,93722000000.0,73063000000.0,7538000000.0,41534000000.0,0,0,0.3,0.2,0.1,0.1,0.0
CAT,2025-06-30,16569000000.0,5461000000.0,2919000000.0,2179000000.0,0,3479000000.0,90325000000.0,71662000000.0,5442000000.0,40748000000.0,0,0,0.3,0.2,0.1,0.1,0.0
CAT,2025-03-31,14249000000.0,4958000000.0,2579000000.0,2003000000.0,0,3226000000.0,84974000000.0,66904000000.0,3562000000.0,38588000000.0,0,0,0.3,0.2,0.1,0.1,0.0
CAT,2024-12-31,16215000000.0,5556000000.0,2924000000.0,2791000000.0,0,3905000000.0,87764000000.0,68270000000.0,6889000000.0,38409000000.0,0,0,0.3,0.2,0.2,0.1,0.0
T,2025-09-30,30709000000.0,13573000000.0,6119000000.0,9314000000.0,0,17670000000.0,423213000000.0,294474000000.0,20272000000.0,158493000000.0,0,0,0.4,0.2,0.3,0.1,0.0
T,2025-06-30,30847000000.0,13446000000.0,6550000000.0,4500000000.0,0,13015000000.0,405491000000.0,282114000000.0,10499000000.0,150073000000.0,0,0,0.4,0.2,0.1,0.0,0.0
T,2025-03-31,30626000000.0,13403000000.0,6333000000.0,4351000000.0,0,12791000000.0,397467000000.0,275628000000.0,6885000000.0,143594000000.0,0,0,0.4,0.2,0.1,0.0,0.0
T,2024-12-31,32298000000.0,12729000000.0,5349000000.0,4080000000.0,0,12340000000.0,394795000000.0,274570000000.0,3298000000.0,140923000000.0,0,0,0.4,0.2,0.1,0.0,0.0
RTX,2025-09-30,22478000000.0,4580000000.0,2460000000.0,1918000000.0,0,3978000000.0,168672000000.0,102279000000.0,5966000000.0,40709000000.0,0,0,0.2,0.1,0.1,0.0,0.0
RTX,2025-06-30,21581000000.0,4376000000.0,2106000000.0,1657000000.0,0,3596000000.0,167139000000.0,102892000000.0,4782000000.0,43595000000.0,0,0,0.2,0.1,0.1,0.0,0.0
RTX,2025-03-31,20306000000.0,4116000000.0,2031000000.0,1535000000.0,0,3512000000.0,164864000000.0,101520000000.0,5157000000.0,42946000000.0,0,0,0.2,0.1,0.1,0.0,0.0
RTX,2024-12-31,21623000000.0,4235000000.0,1853000000.0,1482000000.0,0,3661000000.0,162861000000.0,100903000000.0,5578000000.0,42893000000.0,0,0,0.2,0.1,0.1,0.0,0.0
TXN,2025-09-30,4742000000.0,2723000000.0,1663000000.0,1364000000.0,0,2242000000.0,35004000000.0,18377000000.0,3311000000.0,14046000000.0,0,0,0.6,0.4,0.3,0.1,0.0
TXN,2025-06-30,4448000000.0,2575000000.0,1563000000.0,1295000000.0,0,2092000000.0,34933000000.0,18530000000.0,3044000000.0,14043000000.0,0,0,0.6,0.4,0.3,0.1,0.0
TXN,2025-03-31,4069000000.0,2313000000.0,1324000000.0,1179000000.0,0,1848000000.0,33757000000.0,17351000000.0,2763000000.0,12848000000.0,0,0,0.6,0.3,0.3,0.1,0.0
TXN,2024-12-31,4007000000.0,2314000000.0,1377000000.0,1205000000.0,0,1924000000.0,35509000000.0,18606000000.0,3200000000.0,13596000000.0,0,0,0.6,0.3,0.3,0.1,0.0
INTU,2025-10-31,3885000000.0,3061000000.0,534000000.0,446000000.0,0,743000000.0,33191000000.0,13869000000.0,3506000000.0,6783000000.0,0,0,0.8,0.1,0.1,0.0,0.0
INTU,2025-07-31,3831000000.0,2997000000.0,339000000.0,381000000.0,0,633000000.0,36958000000.0,17248000000.0,2884000000.0,6639000000.0,0,0,0.8,0.1,0.1,0.0,0.0
INTU,2025-04-30,7754000000.0,6616000000.0,3720000000.0,2820000000.0,0,3953000000.0,36593000000.0,16468000000.0,5443000000.0,7087000000.0,0,0,0.9,0.5,0.4,0.1,0.1
INTU,2025-01-31,3963000000.0,3026000000.0,593000000.0,471000000.0,0,830000000.0,31682000000.0,13733000000.0,2435000000.0,6892000000.0,0,0,0.8,0.1,0.1,0.0,0.0
BLK,2025-09-30,6509000000.0,3899000000.0,1955000000.0,1323000000.0,0,2144000000.0,162682000000.0,100827000000.0,9979000000.0,15043000000.0,0,0,0.6,0.3,0.2,0.0,0.0
BLK,2025-06-30,5423000000.0,2596000000.0,1731000000.0,1593000000.0,0,2642000000.0,146470000000.0,94868000000.0,9478000000.0,14710000000.0,0,0,0.5,0.3,0.3,0.0,0.0
BLK,2025-03-31,5276000000.0,2526000000.0,1698000000.0,1510000000.0,0,2027000000.0,141942000000.0,91752000000.0,7747000000.0,14259000000.0,0,0,0.5,0.3,0.3,0.0,0.0
BLK,2024-12-31,5677000000.0,2796000000.0,2075000000.0,1670000000.0,0,2285000000.0,138615000000.0,89260000000.0,12762000000.0,14222000000.0,0,0,0.5,0.4,0.3,0.0,0.0
VZ,2025-09-30,33821000000.0,15857000000.0,8105000000.0,4950000000.0,0,12809000000.0,388331000000.0,281986000000.0,7706000000.0,170452000000.0,0,0,0.5,0.2,0.1,0.0,0.0
VZ,2025-06-30,34504000000.0,15984000000.0,8172000000.0,5003000000.0,0,12883000000.0,383285000000.0,278924000000.0,3435000000.0,169891000000.0,0,0,0.5,0.2,0.1,0.0,0.0
VZ,2025-03-31,33485000000.0,15852000000.0,7978000000.0,4879000000.0,0,12682000000.0,380364000000.0,278327000000.0,2257000000.0,167714000000.0,0,0,0.5,0.2,0.1,0.0,0.0
VZ,2024-12-31,35681000000.0,15661000000.0,7421000000.0,5005000000.0,0,12721000000.0,384711000000.0,284136000000.0,4194000000.0,168357000000.0,0,0,0.4,0.2,0.1,0.0,0.0
SPGI,2025-09-30,3888000000.0,2767000000.0,1675000000.0,1087000000.0,0,1969000000.0,59749000000.0,22051000000.0,1672000000.0,11866000000.0,0,0,0.7,0.4,0.3,0.0,0.0
SPGI,2025-06-30,3755000000.0,2636000000.0,1551000000.0,1072000000.0,0,1875000000.0,60395000000.0,22434000000.0,1847000000.0,11900000000.0,0,0,0.7,0.4,0.3,0.0,0.0
SPGI,2025-03-31,3777000000.0,2624000000.0,1578000000.0,1090000000.0,0,1867000000.0,59889000000.0,22164000000.0,1469000000.0,11913000000.0,0,0,0.7,0.4,0.3,0.0,0.0
SPGI,2024-12-31,3592000000.0,2478000000.0,1309000000.0,880000000.0,0,1624000000.0,60221000000.0,22713000000.0,1666000000.0,11933000000.0,0,0,0.7,0.4,0.2,0.0,0.0
DHR,2025-09-30,6053000000.0,3523000000.0,1154000000.0,908000000.0,0,1765000000.0,79897000000.0,28826000000.0,1528000000.0,16856000000.0,0,0,0.6,0.2,0.2,0.0,0.0
DHR,2025-06-30,5936000000.0,3955000000.0,1192000000.0,555000000.0,0,1337000000.0,81620000000.0,29278000000.0,2957000000.0,18555000000.0,0,0,0.7,0.2,0.1,0.0,0.0
DHR,2025-03-31,5741000000.0,3526000000.0,1289000000.0,954000000.0,0,1792000000.0,79116000000.0,28259000000.0,1993000000.0,17577000000.0,0,0,0.6,0.2,0.2,0.0,0.0
DHR,2024-12-31,6538000000.0,3890000000.0,1746000000.0,1086000000.0,0,1971000000.0,77542000000.0,27992000000.0,2078000000.0,17146000000.0,0,0,0.6,0.3,0.2,0.0,0.0
BKNG,2025-09-30,9008000000.0,9008000000.0,3483000000.0,2748000000.0,0,3930000000.0,28752000000.0,33488000000.0,16509000000.0,17529000000.0,0,0,1.0,0.4,0.3,0.0,0.1
BKNG,2025-06-30,6798000000.0,6798000000.0,2250000000.0,895000000.0,0,1716000000.0,30684000000.0,37341000000.0,17595000000.0,18989000000.0,0,0,1.0,0.3,0.1,0.0,0.0
BKNG,2025-03-31,4762000000.0,4762000000.0,1062000000.0,333000000.0,0,1229000000.0,27191000000.0,33303000000.0,15578000000.0,16500000000.0,0,0,1.0,0.2,0.1,0.0,0.0
BKNG,2024-12-31,5471000000.0,5471000000.0,1729000000.0,1068000000.0,0,2274000000.0,27708000000.0,31728000000.0,16164000000.0,17081000000.0,0,0,1.0,0.3,0.2,0.0,0.0
KKR,2025-09-30,5464926000.0,1347620000.0,512719000.0,900357000.0,0,2994539000.0,398480928000.0,323078973000.0,22681857000.0,54448981000.0,0,0,0.2,0.1,0.2,0.0,0.0
KKR,2025-06-30,5002879000.0,1052777000.0,327265000.0,510123000.0,0,2306989000.0,380867573000.0,309899128000.0,17824220000.0,52484127000.0,0,0,0.2,0.1,0.1,0.0,0.0
KKR,2025-03-31,3054695000.0,-84673000.0,-706689000.0,-185924000.0,0,1495137000.0,372372919000.0,303415987000.0,17986901000.0,50791272000.0,0,0,-0.0,-0.2,-0.1,-0.0,-0.0
KKR,2024-12-31,3200380000.0,948761000.0,292742000.0,1125555000.0,0,2490445000.0,360099411000.0,298114719000.0,14878493000.0,50816440000.0,0,0,0.3,0.1,0.4,0.0,0.0
C,2025-09-30,43840000000.0,19640000000.0,5350000000.0,3752000000.0,0,5350000000.0,2642475000000.0,2428598000000.0,348060000000.0,720242000000.0,0,0,0.4,0.1,0.1,0.0,0.0
C,2025-06-30,42352000000.0,18796000000.0,5219000000.0,4019000000.0,0,6316000000.0,2622772000000.0,2408642000000.0,337473000000.0,721234000000.0,0,0,0.4,0.1,0.1,0.0,0.0
C,2025-03-31,41255000000.0,18893000000.0,5448000000.0,4064000000.0,0,6498000000.0,2571514000000.0,2358256000000.0,308331000000.0,748782000000.0,0,0,0.5,0.1,0.1,0.0,0.0
C,2024-12-31,40900000000.0,17005000000.0,3802000000.0,2856000000.0,0,4821000000.0,2352945000000.0,2143579000000.0,276532000000.0,590560000000.0,0,0,0.4,0.1,0.1,0.0,0.0
AMGN,2025-09-30,9557000000.0,6475000000.0,2526000000.0,3216000000.0,0,5913000000.0,90141000000.0,80522000000.0,9445000000.0,54587000000.0,0,0,0.7,0.3,0.3,0.3,0.0
AMGN,2025-06-30,9167000000.0,6156000000.0,2644000000.0,1432000000.0,0,3617000000.0,87897000000.0,80469000000.0,8028000000.0,56204000000.0,0,0,0.7,0.3,0.2,0.2,0.0
AMGN,2025-03-31,8149000000.0,5181000000.0,1178000000.0,1730000000.0,0,4083000000.0,89367000000.0,83160000000.0,8810000000.0,57381000000.0,0,0,0.6,0.1,0.2,0.3,0.0
AMGN,2024-12-31,9086000000.0,5974000000.0,2311000000.0,627000000.0,0,2926000000.0,91839000000.0,85962000000.0,11973000000.0,60099000000.0,0,0,0.7,0.3,0.1,0.1,0.0
SCHW,2025-09-30,7041000000.0,6135000000.0,3021000000.0,2358000000.0,0,3360000000.0,465255000000.0,415871000000.0,30572000000.0,27584000000.0,0,0,0.9,0.4,0.3,0.0,0.0
SCHW,2025-06-30,6816000000.0,5851000000.0,2803000000.0,2126000000.0,0,3146000000.0,458936000000.0,409485000000.0,32195000000.0,37671000000.0,0,0,0.9,0.4,0.3,0.0,0.0
SCHW,2025-03-31,6650000000.0,5599000000.0,2455000000.0,1909000000.0,0,2802000000.0,462903000000.0,413392000000.0,35009000000.0,39880000000.0,0,0,0.8,0.4,0.3,0.0,0.0
SCHW,2024-12-31,6651000000.0,5329000000.0,2305000000.0,1840000000.0,0,2659000000.0,479843000000.0,431468000000.0,42083000000.0,45134000000.0,0,0,0.8,0.3,0.3,0.0,0.0
BSX,2025-09-30,5065000000.0,3542000000.0,1050000000.0,755000000.0,0,1026000000.0,42707000000.0,19077000000.0,1275000000.0,10993000000.0,0,0,0.7,0.2,0.1,0.0,0.0
BSX,2025-06-30,5061000000.0,3424000000.0,819000000.0,793000000.0,0,1367000000.0,41559000000.0,18906000000.0,534000000.0,12027000000.0,0,0,0.7,0.2,0.2,0.0,0.0
BSX,2025-03-31,4663000000.0,2950000000.0,896000000.0,674000000.0,0,1217000000.0,40140000000.0,17694000000.0,725000000.0,11708000000.0,0,0,0.6,0.2,0.1,0.0,0.0
BSX,2024-12-31,4561000000.0,2671000000.0,589000000.0,566000000.0,0,1071000000.0,39395000000.0,17392000000.0,414000000.0,11147000000.0,0,0,0.6,0.1,0.1,0.0,0.0
PFE,2025-09-30,16654000000.0,12482000000.0,3550000000.0,3541000000.0,0,5648000000.0,208731000000.0,115635000000.0,1343000000.0,61712000000.0,0,0,0.7,0.2,0.2,0.0,0.0
PFE,2025-06-30,14653000000.0,9420000000.0,3575000000.0,2910000000.0,0,5323000000.0,206095000000.0,117083000000.0,1638000000.0,61797000000.0,0,0,0.6,0.2,0.2,0.0,0.0
PFE,2025-03-31,13715000000.0,9827000000.0,4624000000.0,2967000000.0,0,5056000000.0,208028000000.0,117391000000.0,1430000000.0,61291000000.0,0,0,0.7,0.3,0.2,0.0,0.0
PFE,2024-12-31,17763000000.0,12968000000.0,5725000000.0,403000000.0,0,5143000000.0,213396000000.0,124899000000.0,1043000000.0,63649000000.0,0,0,0.7,0.3,0.0,0.0,0.0
UNP,2025-09-30,6244000000.0,2901000000.0,2549000000.0,1788000000.0,0,3263000000.0,68647000000.0,51343000000.0,808000000.0,32848000000.0,0,0,0.5,0.4,0.3,0.1,0.0
UNP,2025-06-30,6154000000.0,2837000000.0,2518000000.0,1876000000.0,0,3268000000.0,68576000000.0,52318000000.0,1060000000.0,33956000000.0,0,0,0.5,0.4,0.3,0.1,0.0
UNP,2025-03-31,6027000000.0,2730000000.0,2371000000.0,1626000000.0,0,3059000000.0,68492000000.0,52453000000.0,1411000000.0,33904000000.0,0,0,0.5,0.4,0.3,0.1,0.0
UNP,2024-12-31,6121000000.0,2806000000.0,2525000000.0,1762000000.0,0,3199000000.0,67715000000.0,50825000000.0,1016000000.0,32463000000.0,0,0,0.5,0.4,0.3,0.1,0.0
SYK,2025-09-30,6057000000.0,3852000000.0,1135000000.0,859000000.0,0,1363000000.0,47057000000.0,25272000000.0,3256000000.0,16595000000.0,0,0,0.6,0.2,0.1,0.0,0.0
SYK,2025-06-30,6022000000.0,3750000000.0,1361000000.0,884000000.0,0,1471000000.0,46331000000.0,25140000000.0,2375000000.0,17128000000.0,0,0,0.6,0.2,0.1,0.0,0.0
SYK,2025-03-31,5866000000.0,3680000000.0,1179000000.0,654000000.0,0,1036000000.0,46006000000.0,25076000000.0,2320000000.0,17356000000.0,0,0,0.6,0.2,0.1,0.0,0.0
SYK,2024-12-31,6436000000.0,3989000000.0,1663000000.0,546000000.0,0,792000000.0,42971000000.0,22337000000.0,3652000000.0,14120000000.0,0,0,0.6,0.3,0.1,0.0,0.0
AMAT,2025-10-31,6800000000.0,3265000000.0,1712000000.0,1897000000.0,0,2448000000.0,36299000000.0,15884000000.0,7241000000.0,7050000000.0,0,0,0.5,0.3,0.3,0.1,0.1
AMAT,2025-07-31,7302000000.0,3562000000.0,2233000000.0,1779000000.0,0,2421000000.0,34211000000.0,14707000000.0,5384000000.0,6763000000.0,0,0,0.5,0.3,0.2,0.1,0.1
AMAT,2025-04-30,7100000000.0,3485000000.0,2169000000.0,2137000000.0,0,2493000000.0,33632000000.0,14671000000.0,6169000000.0,6670000000.0,0,0,0.5,0.3,0.3,0.1,0.1
AMAT,2025-01-31,7166000000.0,3496000000.0,2175000000.0,1185000000.0,0,2288000000.0,33338000000.0,14713000000.0,6264000000.0,6588000000.0,0,0,0.5,0.3,0.2,0.1,0.0
NEE,2025-09-30,7966000000.0,5276000000.0,2527000000.0,2438000000.0,0,5134000000.0,204354000000.0,139758000000.0,2391000000.0,96713000000.0,0,0,0.7,0.3,0.3,0.0,0.0
NEE,2025-06-30,6700000000.0,4296000000.0,1911000000.0,2028000000.0,0,4300000000.0,198830000000.0,137898000000.0,1728000000.0,93189000000.0,0,0,0.6,0.3,0.3,0.0,0.0
NEE,2025-03-31,6247000000.0,3909000000.0,2256000000.0,833000000.0,0,2893000000.0,194264000000.0,133898000000.0,2419000000.0,89678000000.0,0,0,0.6,0.4,0.1,0.0,0.0
NEE,2024-12-31,5385000000.0,2977000000.0,941000000.0,1203000000.0,0,1901000000.0,190144000000.0,129283000000.0,1487000000.0,82333000000.0,0,0,0.6,0.2,0.2,0.0,0.0
LOW,2025-10-31,20813000000.0,6641000000.0,2481000000.0,1616000000.0,0,2956000000.0,53453000000.0,63835000000.0,621000000.0,44696000000.0,0,0,0.3,0.1,0.1,0.0,0.0
LOW,2025-07-31,23959000000.0,7644000000.0,3469000000.0,2398000000.0,0,4025000000.0,46614000000.0,58014000000.0,4860000000.0,39060000000.0,0,0,0.3,0.1,0.1,0.0,0.1
LOW,2025-04-30,20930000000.0,6540000000.0,2494000000.0,1641000000.0,0,3025000000.0,45372000000.0,58626000000.0,3054000000.0,38955000000.0,0,0,0.3,0.1,0.1,0.0,0.0
LOW,2025-01-31,18553000000.0,5652000000.0,1750000000.0,1124000000.0,0,2376000000.0,44573000000.0,58804000000.0,1761000000.0,39678000000.0,0,0,0.3,0.1,0.1,0.0,0.0
HON,2025-09-30,10408000000.0,3547000000.0,1754000000.0,1825000000.0,0,2973000000.0,80917000000.0,63170000000.0,12930000000.0,37037000000.0,0,0,0.3,0.2,0.2,0.1,0.0
HON,2025-06-30,10353000000.0,4061000000.0,2162000000.0,1570000000.0,0,2605000000.0,78419000000.0,61765000000.0,10349000000.0,37648000000.0,0,0,0.4,0.2,0.2,0.1,0.0
HON,2025-03-31,9821000000.0,3818000000.0,2028000000.0,1449000000.0,0,2544000000.0,75218000000.0,57187000000.0,9657000000.0,33991000000.0,0,0,0.4,0.2,0.1,0.1,0.0
HON,2024-12-31,10089000000.0,3670000000.0,1896000000.0,1285000000.0,0,2212000000.0,75196000000.0,56035000000.0,10567000000.0,32225000000.0,0,0,0.4,0.2,0.1,0.1,0.0
ANET,2025-09-30,2308300000.0,1490200000.0,978200000.0,853000000.0,0,1100300000.0,18048800000.0,6141700000.0,2326600000.0,0.0,0,0,0.6,0.4,0.4,0.1,0.0
ANET,2025-06-30,2204800000.0,1438600000.0,986200000.0,888800000.0,0,1093000000.0,16534200000.0,5632600000.0,2225500000.0,0.0,0,0,0.7,0.4,0.4,0.1,0.1
ANET,2025-03-31,2004800000.0,1276100000.0,858800000.0,813800000.0,0,872600000.0,14514600000.0,4395500000.0,1845100000.0,0.0,0,0,0.6,0.4,0.4,0.1,0.1
ANET,2024-12-31,1930436000.0,1230994000.0,799652000.0,800996000.0,0,815040000.0,14043921000.0,4049114000.0,2762357000.0,59642000.0,0,0,0.6,0.4,0.4,0.1,0.1
PGR,2025-09-30,22512000000.0,3547000000.0,3323000000.0,2615000000.0,0,3474000000.0,121535000000.0,86090000000.0,173000000.0,6896000000.0,0,0,0.2,0.1,0.1,0.1,0.0
PGR,2025-06-30,21995000000.0,6879000000.0,3982000000.0,3175000000.0,0,4130000000.0,115480000000.0,82876000000.0,125000000.0,6895000000.0,0,0,0.3,0.2,0.1,0.1,0.0
PGR,2025-03-31,20402000000.0,6142000000.0,3236000000.0,2567000000.0,0,3376000000.0,111409000000.0,82455000000.0,195000000.0,6894000000.0,0,0,0.3,0.2,0.1,0.1,0.0
PGR,2024-12-31,20267400000.0,5831600000.0,2967900000.0,2356500000.0,0,3113600000.0,105745000000.0,80154000000.0,143000000.0,6893000000.0,0,0,0.3,0.1,0.1,0.1,0.0
UBER,2025-09-30,13467000000.0,5358000000.0,1113000000.0,6626000000.0,0,11011999999.0,63344000000.0,34189000000.0,8909000000.0,13340000000.0,0,0,0.4,0.1,0.5,0.2,0.1
UBER,2025-06-30,12651000000.0,5040000000.0,1450000000.0,1355000000.0,0,1793000000.0,55982000000.0,32352000000.0,7629000000.0,12342000000.0,0,0,0.4,0.1,0.1,0.1,0.0
UBER,2025-03-31,11533000000.0,4596000000.0,1228000000.0,1776000000.0,0,1668000000.0,52822000000.0,29917000000.0,6385000000.0,11124000000.0,0,0,0.4,0.1,0.2,0.1,0.0
UBER,2024-12-31,11959000000.0,4725000000.0,770000000.0,6883000000.0,0,1202000000.0,51244000000.0,28768000000.0,6438000000.0,11436000000.0,0,0,0.4,0.1,0.6,0.3,0.1
TJX,2025-10-31,15117000000.0,4983000000.0,1972000000.0,1442000000.0,0,2260000000.0,35188000000.0,25829000000.0,4640000000.0,13194000000.0,0,0,0.3,0.1,0.1,0.2,0.0
TJX,2025-07-31,14401000000.0,4425000000.0,1620000000.0,1243000000.0,0,1973000000.0,32885000000.0,24019000000.0,4639000000.0,13121000000.0,0,0,0.3,0.1,0.1,0.1,0.0
TJX,2025-04-30,13111000000.0,3865000000.0,1316000000.0,1036000000.0,0,1660000000.0,31858000000.0,23355000000.0,4255000000.0,13062000000.0,0,0,0.3,0.1,0.1,0.1,0.0
TJX,2025-01-31,16350000000.0,4979000000.0,1847000000.0,1398000000.0,0,2215000000.0,31749000000.0,23356000000.0,5335000000.0,12778000000.0,0,0,0.3,0.1,0.1,0.2,0.0
BA,2025-09-30,23270000000.0,-2375000000.0,-4781000000.0,-5337000000.0,0,-4014000000.0,150023000000.0,158276000000.0,6173000000.0,53353000000.0,0,0,-0.1,-0.2,-0.2,0.0,-0.0
BA,2025-06-30,22749000000.0,2450000000.0,-255000000.0,-611000000.0,0,609000000.0,155120000000.0,158416000000.0,7087000000.0,53323000000.0,0,0,0.1,-0.0,-0.0,0.0,-0.0
BA,2025-03-31,19496000000.0,2432000000.0,484000000.0,-37000000.0,0,1250000000.0,156494000000.0,159819000000.0,10142000000.0,53618000000.0,0,0,0.1,0.0,-0.0,0.0,-0.0
BA,2024-12-31,15243000000.0,-1581000000.0,-3821000000.0,-3865000000.0,0,-2829000000.0,156363000000.0,160277000000.0,13801000000.0,54188000000.0,0,0,-0.1,-0.3,-0.3,0.0,-0.0
DE,2025-10-31,12094000000.0,3939000000.0,1895000000.0,1065000000.0,0,2748000000.0,105996000000.0,79989000000.0,8276000000.0,63936000000.0,0,0,0.3,0.2,0.1,0.0,0.0
DE,2025-07-31,11783000000.0,4213000000.0,2159000000.0,1289000000.0,0,2958000000.0,107817000000.0,82553000000.0,8580000000.0,66646000000.0,0,0,0.4,0.2,0.1,0.1,0.0
DE,2025-04-30,12525000000.0,4916000000.0,2883000000.0,1804000000.0,0,3676000000.0,106303000000.0,81925000000.0,7991000000.0,66601000000.0,0,0,0.4,0.2,0.1,0.1,0.0
DE,2025-01-31,8262000000.0,3225000000.0,1478000000.0,869000000.0,0,2273000000.0,103119000000.0,80555000000.0,6601000000.0,64655000000.0,0,0,0.4,0.2,0.1,0.0,0.0
ETN,2025-09-30,6988000000.0,2675000000.0,1367000000.0,1010000000.0,0,1600000000.0,40650000000.0,21765000000.0,328000000.0,11221000000.0,0,0,0.4,0.2,0.1,0.1,0.0
ETN,2025-06-30,7028000000.0,2597000000.0,1256000000.0,982000000.0,0,1518000000.0,40507000000.0,21860000000.0,398000000.0,11583000000.0,0,0,0.4,0.2,0.1,0.1,0.0
ETN,2025-03-31,6377000000.0,2447000000.0,1229000000.0,964000000.0,0,1465000000.0,39206000000.0,20659000000.0,1777000000.0,10749000000.0,0,0,0.4,0.2,0.2,0.1,0.0
ETN,2024-12-31,6240000000.0,2428000000.0,1307000000.0,971000000.0,0,1447000000.0,38381000000.0,19850000000.0,555000000.0,9821000000.0,0,0,0.4,0.2,0.2,0.1,0.0
CMCSA,2025-09-30,31197000000.0,18522000000.0,5534000000.0,3332000000.0,0,9616000000.0,272995000000.0,175579000000.0,9325000000.0,99063000000.0,0,0,0.6,0.2,0.1,0.0,0.0
CMCSA,2025-06-30,30313000000.0,18583000000.0,5993000000.0,11123000000.0,0,19907000000.0,273850000000.0,176392000000.0,9714000000.0,101528000000.0,0,0,0.6,0.2,0.4,0.1,0.0
CMCSA,2025-03-31,29887000000.0,17623000000.0,5659000000.0,3375000000.0,0,9392000000.0,267770000000.0,180470000000.0,8593000000.0,99122000000.0,0,0,0.6,0.2,0.1,0.0,0.0
CMCSA,2024-12-31,31915000000.0,18055000000.0,4993000000.0,4777000000.0,0,8475000000.0,266211000000.0,179937000000.0,7322000000.0,4907000000.0,0,0,0.6,0.2,0.1,0.1,0.0
COP,2025-09-30,15522000000.0,5560000000.0,2928000000.0,1726000000.0,0,6068000000.0,122472000000.0,57549000000.0,5260000000.0,23482000000.0,0,0,0.4,0.2,0.1,0.0,0.0
COP,2025-06-30,13979000000.0,3410000000.0,2588000000.0,1964000000.0,0,6206000000.0,122599000000.0,57027000000.0,4901000000.0,23529000000.0,0,0,0.2,0.2,0.1,0.0,0.0
COP,2025-03-31,16458000000.0,4940000000.0,4198000000.0,2840000000.0,0,7572000000.0,124254000000.0,59016000000.0,6309000000.0,23784000000.0,0,0,0.3,0.3,0.2,0.0,0.0
COP,2024-12-31,14238000000.0,4129000000.0,2979000000.0,2300000000.0,0,5908000000.0,122780000000.0,57984000000.0,5607000000.0,25348000000.0,0,0,0.3,0.2,0.2,0.0,0.0
SBUX,2025-09-30,9569000000.0,2211600000.0,948000000.0,133100000.0,0,1410300000.0,32019700000.0,40108900000.0,3219800000.0,26611500000.0,0,0,0.2,0.1,0.0,0.0,0.0
SBUX,2025-06-30,9456000000.0,2155700000.0,935600000.0,558300000.0,0,1409200000.0,33649200000.0,41327800000.0,4172600000.0,27886100000.0,0,0,0.2,0.1,0.1,0.0,0.0
SBUX,2025-03-31,8761600000.0,1848000000.0,601000000.0,384200000.0,0,1064700000.0,31633100000.0,39248500000.0,2671400000.0,26009500000.0,0,0,0.2,0.1,0.0,0.0,0.0
SBUX,2024-12-31,9397800000.0,2301100000.0,1121700000.0,780800000.0,0,1581700000.0,31893100000.0,39357700000.0,3671400000.0,25871500000.0,0,0,0.2,0.1,0.1,0.0,0.0
ADP,2025-09-30,5175200000.0,2339100000.0,-122500000.0,1013000000.0,0,1566200000.0,54320800000.0,47947000000.0,2478000000.0,9525300000.0,0,0,0.5,-0.0,0.2,0.2,0.0
ADP,2025-06-30,5126800000.0,2579100000.0,1206700000.0,910600000.0,0,1420600000.0,53369300000.0,47181300000.0,3347800000.0,9065400000.0,0,0,0.5,0.2,0.2,0.1,0.0
ADP,2025-03-31,5553000000.0,2871300000.0,1633000000.0,1249500000.0,0,1842300000.0,56448600000.0,50593300000.0,2680600000.0,4266400000.0,0,0,0.5,0.3,0.2,0.2,0.0
ADP,2024-12-31,5048400000.0,2521200000.0,1299800000.0,963200000.0,0,1540600000.0,64096700000.0,59018600000.0,2216400000.0,4282800000.0,0,0,0.5,0.3,0.2,0.2,0.0
GILD,2025-09-30,7769000000.0,6200000000.0,3327000000.0,3052000000.0,0,4583000000.0,58533000000.0,37077000000.0,7330000000.0,24941000000.0,0,0,0.8,0.4,0.4,0.1,0.1
GILD,2025-06-30,7081000000.0,5580000000.0,2474000000.0,1960000000.0,0,3374000000.0,55721000000.0,36130000000.0,5144000000.0,24946000000.0,0,0,0.8,0.3,0.3,0.1,0.0
GILD,2025-03-31,6667000000.0,5127000000.0,2237000000.0,1315000000.0,0,2605000000.0,56434000000.0,37356000000.0,7926000000.0,24952000000.0,0,0,0.8,0.3,0.2,0.1,0.0
GILD,2024-12-31,7569000000.0,5988000000.0,2452000000.0,1783000000.0,0,3109000000.0,58995000000.0,39749000000.0,9991000000.0,27322000000.0,0,0,0.8,0.3,0.2,0.1,0.0
PANW,2025-10-31,2474000000.0,1836000000.0,309000000.0,334000000.0,0,501000000.0,23536000000.0,14871000000.0,3066000000.0,346000000.0,0,0,0.7,0.1,0.1,0.0,0.0
PANW,2025-07-31,2536300000.0,1857300000.0,497200000.0,253800000.0,0,675700000.0,23576200000.0,15751800000.0,2279200000.0,417400000.0,0,0,0.7,0.2,0.1,0.0,0.0
PANW,2025-04-30,2289000000.0,1669700000.0,218800000.0,262100000.0,0,399100000.0,22002800000.0,14772300000.0,2383400000.0,806000000.0,0,0,0.7,0.1,0.1,0.0,0.0
PANW,2025-01-31,2257400000.0,1658200000.0,240400000.0,267300000.0,0,412900000.0,20951700000.0,14576400000.0,2226300000.0,896800000.0,0,0,0.7,0.1,0.1,0.0,0.0
BMY,2025-09-30,12222000000.0,8787000000.0,3639000000.0,2201000000.0,0,4587000000.0,96889000000.0,78289000000.0,15726000000.0,51041000000.0,0,0,0.7,0.3,0.2,0.1,0.0
BMY,2025-06-30,12269000000.0,8070000000.0,4117000000.0,1310000000.0,0,3287000000.0,94676000000.0,77187000000.0,12599000000.0,50929000000.0,0,0,0.7,0.3,0.1,0.1,0.0
BMY,2025-03-31,11201000000.0,7340000000.0,3521000000.0,2456000000.0,0,4477000000.0,92427000000.0,74979000000.0,10875000000.0,51239000000.0,0,0,0.7,0.3,0.2,0.1,0.0
BMY,2024-12-31,12342000000.0,7424000000.0,2531000000.0,72000000.0,0,2551000000.0,92603000000.0,76215000000.0,10346000000.0,51200000000.0,0,0,0.6,0.2,0.0,0.0,0.0
VRTX,2025-09-30,3076400000.0,2661600000.0,1186200000.0,1082900000.0,0,1356100000.0,24862300000.0,7543500000.0,4939600000.0,1834800000.0,0,0,0.9,0.4,0.4,0.1,0.0
VRTX,2025-06-30,2964700000.0,2557200000.0,1151100000.0,1032900000.0,0,1338400000.0,24036700000.0,6861300000.0,4972200000.0,1527400000.0,0,0,0.9,0.4,0.3,0.1,0.0
VRTX,2025-03-31,2770200000.0,2407200000.0,630100000.0,646300000.0,0,781800000.0,22880500000.0,6384200000.0,4674700000.0,1649100000.0,0,0,0.9,0.2,0.2,0.0,0.0
VRTX,2024-12-31,2912000000.0,2488600000.0,1026000000.0,913000000.0,0,1184400000.0,22533200000.0,6123600000.0,4569600000.0,1749500000.0,0,0,0.9,0.4,0.3,0.1,0.0
MDT,2025-10-31,8961000000.0,5405000000.0,1685000000.0,1374000000.0,0,2366000000.0,91346000000.0,42489000000.0,1282000000.0,29100000000.0,0,0,0.6,0.2,0.2,0.0,0.0
MDT,2025-07-31,8578000000.0,4946000000.0,1445000000.0,1040000000.0,0,2225000000.0,90972000000.0,42839000000.0,1273000000.0,28609000000.0,0,0,0.6,0.2,0.1,0.0,0.0
MDT,2025-04-30,8927000000.0,5780000000.0,1436000000.0,1057000000.0,0,2275000000.0,91680000000.0,43424000000.0,2218000000.0,28516000000.0,0,0,0.6,0.2,0.1,0.0,0.0
MDT,2025-01-31,8292000000.0,5513000000.0,1646000000.0,1294000000.0,0,2403000000.0,89973000000.0,40358000000.0,1240000000.0,26607000000.0,0,0,0.7,0.2,0.2,0.0,0.0
NKE,2025-11-30,12427000000.0,5045000000.0,1006000000.0,792000000.0,0,999000000.0,37787000000.0,23702000000.0,6974000000.0,11282000000.0,0,0,0.4,0.1,0.1,0.1,0.0
NKE,2025-08-31,11720000000.0,4943000000.0,927000000.0,727000000.0,0,1175000000.0,37334000000.0,23866000000.0,7024000000.0,11061000000.0,0,0,0.4,0.1,0.1,0.1,0.0
NKE,2025-05-31,11097000000.0,4469000000.0,321000000.0,211000000.0,0,518000000.0,36579000000.0,23366000000.0,7464000000.0,11018000000.0,0,0,0.4,0.0,0.0,0.0,0.0
NKE,2025-02-28,11269000000.0,4675000000.0,788000000.0,794000000.0,0,1030000000.0,37793000000.0,23786000000.0,8601000000.0,11911000000.0,0,0,0.4,0.1,0.1,0.1,0.0
PLD,2025-09-30,2213881000.0,1011977000.0,892591000.0,764266000.0,0,1782068000.0,98341141000.0,41129032000.0,1186022000.0,35302901000.0,0,0,0.5,0.4,0.3,0.0,0.0
PLD,2025-06-30,2183869000.0,1630989000.0,912712000.0,571229000.0,0,1554796000.0,97717050000.0,40410236000.0,1066081000.0,34666551000.0,0,0,0.7,0.4,0.3,0.0,0.0
PLD,2025-03-31,2139665000.0,1590571000.0,878413000.0,592953000.0,0,1566961000.0,95993391000.0,37917953000.0,671117000.0,32262055000.0,0,0,0.7,0.4,0.3,0.0,0.0
PLD,2024-12-31,2200646000.0,1681011000.0,1421256000.0,1278853000.0,0,2290786000.0,95328909000.0,36712139000.0,1318591000.0,31494568000.0,0,0,0.8,0.6,0.6,0.0,0.0
LMT,2025-09-30,18609000000.0,2240000000.0,2280000000.0,1619000000.0,0,2652000000.0,60276000000.0,54095000000.0,3470000000.0,22189000000.0,0,0,0.1,0.1,0.1,0.3,0.0
LMT,2025-06-30,18155000000.0,734000000.0,748000000.0,342000000.0,0,1090000000.0,58870000000.0,53536000000.0,1293000000.0,21638000000.0,0,0,0.0,0.0,0.0,0.1,0.0
LMT,2025-03-31,17963000000.0,2323000000.0,2372000000.0,1712000000.0,0,2701000000.0,56669000000.0,49986000000.0,1803000000.0,20304000000.0,0,0,0.1,0.1,0.1,0.3,0.0
LMT,2024-12-31,18622000000.0,690000000.0,696000000.0,527000000.0,0,1242000000.0,55617000000.0,49284000000.0,2483000000.0,21418000000.0,0,0,0.0,0.0,0.0,0.1,0.0
CB,2025-09-30,16139000000.0,5032000000.0,3894000000.0,2801000000.0,0,4189000000.0,270210000000.0,192399000000.0,2241000000.0,17226000000.0,0,0,0.3,0.2,0.2,0.0,0.0
CB,2025-06-30,14898000000.0,4488000000.0,3716000000.0,2968000000.0,0,3971000000.0,261563000000.0,187116000000.0,2189000000.0,14976000000.0,0,0,0.3,0.2,0.2,0.0,0.0
CB,2025-03-31,13480000000.0,2952000000.0,1664000000.0,1331000000.0,0,1920000000.0,251752000000.0,180997000000.0,1972000000.0,14508000000.0,0,0,0.2,0.1,0.1,0.0,0.0
CB,2024-12-31,14180000000.0,4236000000.0,3119000000.0,2575000000.0,0,3390000000.0,246548000000.0,178154000000.0,2288000000.0,15289000000.0,0,0,0.3,0.2,0.2,0.0,0.0
MMC,2025-09-30,6351000000.0,2457000000.0,1170000000.0,747000000.0,0,1394000000.0,58783000000.0,43424000000.0,2511000000.0,21426000000.0,0,0,0.4,0.2,0.1,0.0,0.0
MMC,2025-06-30,6974000000.0,3079000000.0,1829000000.0,1211000000.0,0,2120000000.0,58555000000.0,42579000000.0,1677000000.0,21610000000.0,0,0,0.4,0.3,0.2,0.1,0.0
MMC,2025-03-31,7061000000.0,3211000000.0,2005000000.0,1381000000.0,0,2299000000.0,57015000000.0,42747000000.0,1604000000.0,22419000000.0,0,0,0.5,0.3,0.2,0.1,0.0
MMC,2024-12-31,6067000000.0,2437000000.0,1142000000.0,788000000.0,0,1441000000.0,56481000000.0,42946000000.0,2398000000.0,21862000000.0,0,0,0.4,0.2,0.1,0.1,0.0
ADI,2025-10-31,3076117000.0,1754401000.0,945212000.0,787739000.0,0,1470699000.0,47992712000.0,14176957000.0,2499406000.0,8664610000.0,0,0,0.6,0.3,0.3,0.0,0.0
ADI,2025-07-31,2880348000.0,1789748000.0,818028000.0,518518000.0,0,1330293000.0,48192601000.0,14106759000.0,2321191000.0,8688603000.0,0,0,0.6,0.3,0.2,0.0,0.0
ADI,2025-04-30,2640068000.0,1611610000.0,677944000.0,569770000.0,0,1201238000.0,47344487000.0,12333867000.0,2376235000.0,7197137000.0,0,0,0.6,0.3,0.2,0.0,0.0
ADI,2025-01-31,2423174000.0,1430303000.0,491313000.0,391316000.0,0,1026443000.0,47967546000.0,12897011000.0,2349994000.0,7566814000.0,0,0,0.6,0.2,0.2,0.0,0.0
LRCX,2025-09-30,5324173000.0,2684879000.0,1829088000.0,1568660000.0,0,1961501000.0,21900211000.0,11707459000.0,6693046000.0,4483943000.0,0,0,0.5,0.3,0.3,0.2,0.1
LRCX,2025-06-30,5171393000.0,2589709000.0,1741128000.0,1720088000.0,0,1877420000.0,21345260000.0,11483641000.0,6390659000.0,4484505000.0,0,0,0.5,0.3,0.3,0.2,0.1
LRCX,2025-03-31,4720175000.0,2313686000.0,1561759000.0,1330667000.0,0,1679251000.0,19968310000.0,10457205000.0,5450718000.0,4484340000.0,0,0,0.5,0.3,0.3,0.1,0.1
LRCX,2024-12-31,4376047000.0,2072981000.0,1333884000.0,1191018000.0,0,1489645000.0,19839916000.0,11031890000.0,5665379000.0,4982284000.0,0,0,0.5,0.3,0.3,0.1,0.1
MU,2025-11-30,13643000000.0,7652000000.0,6144000000.0,5240000000.0,0,8347000000.0,85971000000.0,27165000000.0,8813000000.0,12493000000.0,0,0,0.6,0.5,0.4,0.1,0.1
MU,2025-08-31,11315000000.0,5054000000.0,3754000000.0,3201000000.0,0,5945000000.0,82798000000.0,28633000000.0,9642000000.0,15278000000.0,0,0,0.4,0.3,0.3,0.1,0.0
MU,2025-05-31,9301000000.0,3508000000.0,2169000000.0,1885000000.0,0,4330000000.0,78397000000.0,27649000000.0,10163000000.0,16141000000.0,0,0,0.4,0.2,0.2,0.0,0.0
MU,2025-02-28,8053000000.0,2963000000.0,1773000000.0,1583000000.0,0,3817000000.0,73053000000.0,24420000000.0,7552000000.0,14954000000.0,0,0,0.4,0.2,0.2,0.0,0.0
GEV,2025-09-30,9969000000.0,1897000000.0,366000000.0,452000000.0,0,1003000000.0,54398000000.0,44669000000.0,7945000000.0,0.0,0,0,0.2,0.0,0.0,0.0,0.0
GEV,2025-06-30,9111000000.0,1846000000.0,378000000.0,514000000.0,0,584000000.0,53078000000.0,43131000000.0,7892000000.0,1059000000.0,0,0,0.2,0.0,0.1,0.1,0.0
GEV,2025-03-31,8032000000.0,1470000000.0,43000000.0,254000000.0,0,248000000.0,51559000000.0,41887000000.0,7807000000.0,1013000000.0,0,0,0.2,0.0,0.0,0.0,0.0
GEV,2024-12-31,10558000000.0,2123000000.0,593000000.0,484000000.0,0,861000000.0,51485000000.0,40892000000.0,8205000000.0,1043000000.0,0,0,0.2,0.1,0.0,0.0,0.0
KLAC,2025-09-30,3209696000.0,1966626000.0,1337177000.0,1121040000.0,0,1477567000.0,16317974000.0,11332903000.0,1946211000.0,6088119000.0,0,0,0.6,0.4,0.3,0.2,0.1
KLAC,2025-06-30,3174741000.0,2007712000.0,1404570000.0,1202849000.0,0,1498176000.0,16067926000.0,11375473000.0,2078908000.0,6088282000.0,0,0,0.6,0.4,0.4,0.3,0.1
KLAC,2025-03-31,3063029000.0,1887340000.0,1300392000.0,1088416000.0,0,1434413000.0,15188307000.0,11183568000.0,1858022000.0,6089173000.0,0,0,0.6,0.4,0.4,0.3,0.1
KLAC,2024-12-31,3076851000.0,1855390000.0,1242152000.0,824527000.0,0,1151432000.0,15001696000.0,11417147000.0,1838278000.0,6072613000.0,0,0,0.6,0.4,0.3,0.2,0.1
CRWD,2025-10-31,1234244000.0,932999000.0,-37627000.0,-33997000.0,0,-16336999.0,9965347000.0,5906330000.0,4801083000.0,818046000.0,0,0,0.8,-0.0,-0.0,-0.0,-0.0
CRWD,2025-07-31,1168952000.0,858669000.0,-112979000.0,-77675000.0,0,3187000.0,9288859000.0,5494168000.0,4972436000.0,810528000.0,0,0,0.7,-0.1,-0.1,-0.0,-0.0
CRWD,2025-04-30,1103434000.0,814291000.0,-124656000.0,-110207000.0,0,-19115000.0,8720362000.0,5229348000.0,4614153000.0,785398000.0,0,0,0.7,-0.1,-0.1,-0.0,-0.0
CRWD,2025-01-31,1058538000.0,784548000.0,-85301000.0,-92282000.0,0,17641000.0,8701578000.0,5382661000.0,4323295000.0,788901000.0,0,0,0.7,-0.1,-0.1,-0.0,-0.0
UPS,2025-09-30,21415000000.0,3486000000.0,1804000000.0,1311000000.0,0,2824000000.0,71392000000.0,55544000000.0,6764000000.0,29211000000.0,0,0,0.2,0.1,0.1,0.1,0.0
UPS,2025-06-30,21221000000.0,3780000000.0,1822000000.0,1283000000.0,0,2836000000.0,70923000000.0,55146000000.0,6194000000.0,28909000000.0,0,0,0.2,0.1,0.1,0.1,0.0
UPS,2025-03-31,21489000000.0,3647000000.0,1699000000.0,1187000000.0,0,2656000000.0,68466000000.0,52782000000.0,4802000000.0,25594000000.0,0,0,0.2,0.1,0.1,0.1,0.0
UPS,2024-12-31,25243000000.0,5254000000.0,2986000000.0,1721000000.0,0,3274000000.0,70070000000.0,53327000000.0,6112000000.0,25652000000.0,0,0,0.2,0.1,0.1,0.1,0.0
CEG,2025-09-30,7184000000.0,1704000000.0,1539000000.0,930000000.0,0,1770000000.0,56161000000.0,41469000000.0,4091000000.0,9037000000.0,0,0,0.2,0.2,0.1,0.1,0.0
CEG,2025-06-30,6101000000.0,1098000000.0,951000000.0,839000000.0,0,1645000000.0,53038000000.0,39235000000.0,2062000000.0,8311000000.0,0,0,0.2,0.2,0.1,0.1,0.0
CEG,2025-03-31,6788000000.0,859000000.0,451000000.0,118000000.0,0,1078000000.0,52252000000.0,38918000000.0,1846000000.0,8358000000.0,0,0,0.1,0.1,0.0,0.0,0.0
CEG,2024-12-31,5382000000.0,1286000000.0,972000000.0,852000000.0,0,1538000000.0,52926000000.0,39387000000.0,3022000000.0,8412000000.0,0,0,0.2,0.2,0.2,0.1,0.0
SO,2025-09-30,7823000000.0,4304000000.0,2594000000.0,1711000000.0,0,4288000000.0,153248000000.0,114974000000.0,3342000000.0,73746000000.0,0,0,0.6,0.3,0.2,0.0,0.0
SO,2025-06-30,6973000000.0,3490000000.0,1764000000.0,880000000.0,0,3465000000.0,148853000000.0,111511000000.0,1264000000.0,70824000000.0,0,0,0.5,0.3,0.1,0.0,0.0
SO,2025-03-31,7775000000.0,3741000000.0,2010000000.0,1334000000.0,0,3675000000.0,148109000000.0,110886000000.0,2327000000.0,70120000000.0,0,0,0.5,0.3,0.2,0.0,0.0
SO,2024-12-31,6341000000.0,2661000000.0,1058000000.0,534000000.0,0,2588000000.0,145180000000.0,108506000000.0,1070000000.0,66277000000.0,0,0,0.4,0.2,0.1,0.0,0.0
ELV,2025-09-30,50711000000.0,7191000000.0,1757000000.0,1189000000.0,0,2144000000.0,122749000000.0,78667000000.0,8713000000.0,32102000000.0,0,0,0.1,0.0,0.0,0.0,0.0
ELV,2025-06-30,49776000000.0,49776000000.0,2292000000.0,1743000000.0,0,3013000000.0,121938000000.0,78087000000.0,8560000000.0,30186000000.0,0,0,1.0,0.0,0.0,0.0,0.0
ELV,2025-03-31,48891000000.0,48891000000.0,2797000000.0,2183000000.0,0,3514000000.0,119717000000.0,77097000000.0,7500000000.0,30003000000.0,0,0,1.0,0.1,0.0,0.1,0.0
ELV,2024-12-31,45442000000.0,45442000000.0,606000000.0,418000000.0,0,1344000000.0,116889000000.0,75463000000.0,8288000000.0,31232000000.0,0,0,1.0,0.0,0.0,0.0,0.0
ICE,2025-09-30,3007000000.0,1709000000.0,1174000000.0,816000000.0,0,1660000000.0,140901000000.0,112192000000.0,850000000.0,19509000000.0,0,0,0.6,0.4,0.3,0.0,0.0
ICE,2025-06-30,3262000000.0,1829000000.0,1297000000.0,851000000.0,0,1728000000.0,144175000000.0,115648000000.0,1003000000.0,19666000000.0,0,0,0.6,0.4,0.3,0.0,0.0
ICE,2025-03-31,3229000000.0,1779000000.0,1221000000.0,797000000.0,0,1662000000.0,142870000000.0,114827000000.0,783000000.0,20621000000.0,0,0,0.6,0.4,0.2,0.0,0.0
ICE,2024-12-31,3030000000.0,1619000000.0,1077000000.0,698000000.0,0,1507000000.0,139428000000.0,111708000000.0,844000000.0,20703000000.0,0,0,0.5,0.4,0.2,0.0,0.0
PH,2025-09-30,5084000000.0,1907000000.0,1034000000.0,808000000.0,0,1373000000.0,30677000000.0,16891000000.0,473000000.0,10333000000.0,0,0,0.4,0.2,0.2,0.1,0.0
PH,2025-06-30,5243074000.0,1957973000.0,1118538000.0,923172000.0,0,1399643000.0,29494000000.0,15803000000.0,467000000.0,9486000000.0,0,0,0.4,0.2,0.2,0.1,0.0
PH,2025-03-31,4960349000.0,1830398000.0,1046043000.0,960866000.0,0,1313552000.0,28917808000.0,15517983000.0,408735000.0,9372913000.0,0,0,0.4,0.2,0.2,0.1,0.0
PH,2024-12-31,4742593000.0,1730954000.0,965140000.0,948542000.0,0,1492482000.0,28271463000.0,15144402000.0,395507000.0,9041241000.0,0,0,0.4,0.2,0.2,0.1,0.0
MCO,2025-09-30,2007000000.0,1392000000.0,917000000.0,646000000.0,0,1062000000.0,15415000000.0,11303000000.0,2181000000.0,7645000000.0,0,0,0.7,0.5,0.3,0.2,0.0
MCO,2025-06-30,1898000000.0,1284000000.0,843000000.0,578000000.0,0,939000000.0,15487000000.0,11379000000.0,2174000000.0,7282000000.0,0,0,0.7,0.4,0.3,0.1,0.0
MCO,2025-03-31,1924000000.0,1322000000.0,882000000.0,625000000.0,0,971000000.0,15096000000.0,11238000000.0,2139000000.0,7136000000.0,0,0,0.7,0.5,0.3,0.2,0.0
MCO,2024-12-31,1672000000.0,1062000000.0,621000000.0,395000000.0,0,665000000.0,15505000000.0,11778000000.0,2408000000.0,7746000000.0,0,0,0.6,0.4,0.2,0.1,0.0
SHW,2025-09-30,6358200000.0,3125500000.0,1172700000.0,833100000.0,0,1344600000.0,26206400000.0,21781100000.0,241500000.0,13577600000.0,0,0,0.5,0.2,0.1,0.2,0.0
SHW,2025-06-30,6314500000.0,3118300000.0,1099100000.0,754700000.0,0,1260800000.0,25363600000.0,20962700000.0,269800000.0,12770200000.0,0,0,0.5,0.2,0.1,0.2,0.0
SHW,2025-03-31,5305700000.0,2559100000.0,754300000.0,503900000.0,0,917700000.0,24636100000.0,20506000000.0,199800000.0,12819900000.0,0,0,0.5,0.1,0.1,0.1,0.0
SHW,2024-12-31,5297200000.0,2573200000.0,673500000.0,480100000.0,0,876000000.0,23632600000.0,19581400000.0,210400000.0,11913300000.0,0,0,0.5,0.1,0.1,0.1,0.0
PYPL,2025-09-30,8417000000.0,3871000000.0,1520000000.0,1248000000.0,0,1834000000.0,79801000000.0,59603000000.0,8995000000.0,11276000000.0,0,0,0.5,0.2,0.1,0.1,0.0
PYPL,2025-06-30,8288000000.0,3844000000.0,1504000000.0,1261000000.0,0,1882000000.0,79777000000.0,59576000000.0,6688000000.0,11296000000.0,0,0,0.5,0.2,0.2,0.1,0.0
PYPL,2025-03-31,7791000000.0,3716000000.0,1530000000.0,1287000000.0,0,1951000000.0,81274000000.0,61020000000.0,7449000000.0,11417000000.0,0,0,0.5,0.2,0.2,0.1,0.0
PYPL,2024-12-31,8366000000.0,3935000000.0,1441000000.0,1121000000.0,0,1756000000.0,81611000000.0,61194000000.0,6561000000.0,9879000000.0,0,0,0.5,0.2,0.1,0.1,0.0
WM,2025-09-30,6443000000.0,1881000000.0,1216000000.0,603000000.0,0,1729000000.0,45608000000.0,36088000000.0,175000000.0,23362000000.0,0,0,0.3,0.2,0.1,0.1,0.0
WM,2025-06-30,6430000000.0,1883000000.0,1187000000.0,726000000.0,0,1904000000.0,45722000000.0,36520000000.0,440000000.0,24020000000.0,0,0,0.3,0.2,0.1,0.1,0.0
WM,2025-03-31,6018000000.0,1715000000.0,1028000000.0,637000000.0,0,1711000000.0,44486000000.0,35835000000.0,216000000.0,23837000000.0,0,0,0.3,0.2,0.1,0.1,0.0
WM,2024-12-31,5893000000.0,1688000000.0,941000000.0,598000000.0,0,1587000000.0,44567000000.0,36313000000.0,414000000.0,23900000000.0,0,0,0.3,0.2,0.1,0.1,0.0
MO,2025-09-30,5251000000.0,3812000000.0,3230000000.0,2375000000.0,0,3423000000.0,35008000000.0,37604000000.0,3472000000.0,25701000000.0,0,0,0.7,0.6,0.5,0.0,0.1
MO,2025-06-30,5290000000.0,3850000000.0,3230000000.0,2378000000.0,0,3464000000.0,32332000000.0,35538000000.0,1287000000.0,24720000000.0,0,0,0.7,0.6,0.4,0.0,0.1
MO,2025-03-31,4519000000.0,3249000000.0,1788000000.0,1077000000.0,0,2016000000.0,35760000000.0,39220000000.0,4726000000.0,26059000000.0,0,0,0.7,0.4,0.2,0.0,0.0
MO,2024-12-31,5106000000.0,3604000000.0,2882000000.0,3039000000.0,0,3192000000.0,35177000000.0,37365000000.0,3127000000.0,24926000000.0,0,0,0.7,0.6,0.6,0.0,0.1
EQIX,2025-09-30,2316000000.0,1174000000.0,474000000.0,374000000.0,0,1064000000.0,38060000000.0,23880000000.0,2077000000.0,20982000000.0,0,0,0.5,0.2,0.2,0.0,0.0
EQIX,2025-06-30,2256000000.0,1172000000.0,494000000.0,368000000.0,0,1039000000.0,38849000000.0,24742000000.0,3660000000.0,21851000000.0,0,0,0.5,0.2,0.2,0.0,0.0
EQIX,2025-03-31,2225000000.0,1141000000.0,458000000.0,343000000.0,0,993000000.0,36079000000.0,22166000000.0,2950000000.0,19650000000.0,0,0,0.5,0.2,0.2,0.0,0.0
EQIX,2024-12-31,2261000000.0,1065000000.0,103000000.0,-14000000.0,0,624000000.0,35085000000.0,21533000000.0,3081000000.0,18961000000.0,0,0,0.5,0.0,-0.0,-0.0,-0.0
DUK,2025-09-30,8669000000.0,8559000000.0,2334000000.0,1421000000.0,0,4158000000.0,192293000000.0,139666000000.0,688000000.0,89230000000.0,0,0,1.0,0.3,0.2,0.0,0.0
DUK,2025-06-30,7508000000.0,2234000000.0,1819000000.0,984000000.0,0,3607000000.0,189713000000.0,137683000000.0,344000000.0,88453000000.0,0,0,0.3,0.2,0.1,0.0,0.0
DUK,2025-03-31,8249000000.0,4277000000.0,2343000000.0,1375000000.0,0,4177000000.0,187476000000.0,135682000000.0,475000000.0,87481000000.0,0,0,0.5,0.3,0.2,0.0,0.0
DUK,2024-12-31,7360000000.0,3895000000.0,2112000000.0,1213000000.0,0,3836000000.0,186343000000.0,135088000000.0,314000000.0,85230000000.0,0,0,0.5,0.3,0.2,0.0,0.0
AMT,2025-09-30,2717400000.0,2041400000.0,1268100000.0,853300000.0,0,1472900000.0,63888700000.0,53122800000.0,1950700000.0,45011200000.0,0,0,0.8,0.5,0.3,0.1,0.0
AMT,2025-06-30,2626900000.0,1938200000.0,1197700000.0,366800000.0,0,1708000000.0,63754500000.0,53275600000.0,2076000000.0,45213200000.0,0,0,0.7,0.5,0.1,0.0,0.0
AMT,2025-03-31,2562800000.0,1928300000.0,1254100000.0,488700000.0,0,1435300000.0,62055600000.0,52119300000.0,2103700000.0,44383600000.0,0,0,0.8,0.5,0.2,0.0,0.0
AMT,2024-12-31,2547600000.0,1893200000.0,1080100000.0,1229600000.0,0,2127800000.0,61077400000.0,51428700000.0,1999600000.0,43954100000.0,0,0,0.7,0.4,0.5,0.1,0.0
APH,2025-09-30,6194400000.0,2359300000.0,1702300000.0,1245700000.0,0,1949300000.0,27143000000.0,14536100000.0,3799300000.0,8067100000.0,0,0,0.4,0.3,0.2,0.1,0.0
APH,2025-06-30,5650300000.0,2053300000.0,1430800000.0,1091300000.0,0,1638400000.0,25668400000.0,14068700000.0,3207000000.0,8062400000.0,0,0,0.4,0.3,0.2,0.1,0.0
APH,2025-03-31,4811000000.0,1644000000.0,1068800000.0,737800000.0,0,1275700000.0,22902100000.0,12529700000.0,1657200000.0,7166900000.0,0,0,0.3,0.2,0.2,0.1,0.0
APH,2024-12-31,4317900000.0,1480700000.0,965700000.0,746200000.0,0,1121100000.0,21440200000.0,11584100000.0,3317000000.0,7280200000.0,0,0,0.3,0.2,0.2,0.1,0.0
CME,2025-09-30,1537600000.0,1300000000.0,972600000.0,908000000.0,0,1303600000.0,187144600000.0,158954300000.0,2453300000.0,3421300000.0,0,0,0.8,0.6,0.6,0.0,0.0
CME,2025-06-30,1692000000.0,1470400000.0,1129300000.0,1012200000.0,0,1457700000.0,179907000000.0,152168000000.0,1981300000.0,3420400000.0,0,0,0.9,0.7,0.6,0.0,0.0
CME,2025-03-31,1642300000.0,1435600000.0,1108000000.0,956200000.0,0,1369000000.0,157831600000.0,130800900000.0,1405300000.0,3419400000.0,0,0,0.9,0.7,0.6,0.0,0.0
CME,2024-12-31,1525300000.0,1304500000.0,947100000.0,874600000.0,0,1220700000.0,137447000000.0,110960100000.0,2892400000.0,3428000000.0,0,0,0.9,0.6,0.6,0.0,0.0
WELL,2025-09-30,2685692000.0,1108644000.0,282186000.0,278161000.0,0,964970000.0,59504802000.0,20476784000.0,6806507000.0,18163962000.0,0,0,0.4,0.1,0.1,0.0,0.0
WELL,2025-06-30,2516141000.0,1001430000.0,443332000.0,301888000.0,0,947716000.0,55833495000.0,19287194000.0,4409740000.0,17306750000.0,0,0,0.4,0.2,0.1,0.0,0.0
WELL,2025-03-31,2388587000.0,926197000.0,378577000.0,257957000.0,0,843307000.0,53293614000.0,18711637000.0,3501851000.0,17009584000.0,0,0,0.4,0.2,0.1,0.0,0.0
WELL,2024-12-31,2219235000.0,809935000.0,281067000.0,119971000.0,0,748327000.0,51044308000.0,18471722000.0,3506586000.0,16758356000.0,0,0,0.4,0.1,0.1,0.0,0.0
INTC,2025-09-30,13653000000.0,5218000000.0,683000000.0,4063000000.0,0,7848000000.0,204514000000.0,87784000000.0,11141000000.0,46553000000.0,0,0,0.4,0.1,0.3,0.0,0.0
INTC,2025-06-30,12859000000.0,3542000000.0,-3176000000.0,-2918000000.0,0,471000000.0,192520000000.0,86769000000.0,9643000000.0,50757000000.0,0,0,0.3,-0.2,-0.2,-0.0,-0.0
INTC,2025-03-31,12667000000.0,4672000000.0,-301000000.0,-821000000.0,0,2387000000.0,192242000000.0,85829000000.0,8947000000.0,50151000000.0,0,0,0.4,-0.0,-0.1,-0.0,-0.0
INTC,2024-12-31,14260000000.0,5584000000.0,412000000.0,-126000000.0,0,3480000000.0,196485000000.0,91453000000.0,8249000000.0,50011000000.0,0,0,0.4,0.0,-0.0,-0.0,-0.0
HCA,2025-09-30,19161000000.0,2965000000.0,2965000000.0,1674000000.0,0,3900000000.0,59747000000.0,61906000000.0,997000000.0,46349000000.0,0,0,0.2,0.2,0.1,0.0,0.0
HCA,2025-06-30,18605000000.0,2967000000.0,2967000000.0,1653000000.0,0,3846000000.0,59536000000.0,60774000000.0,939000000.0,46364000000.0,0,0,0.2,0.2,0.1,0.0,0.0
HCA,2025-03-31,18321000000.0,2855000000.0,2855000000.0,1610000000.0,0,3734000000.0,59798000000.0,60236000000.0,1060000000.0,46436000000.0,0,0,0.2,0.2,0.1,0.0,0.0
HCA,2024-12-31,18285000000.0,2846000000.0,2846000000.0,1438000000.0,0,3517000000.0,59513000000.0,58958000000.0,1933000000.0,45237000000.0,0,0,0.2,0.2,0.1,2.6,0.0
MMM,2025-09-30,6517000000.0,2725000000.0,1447000000.0,834000000.0,0,1679000000.0,37611000000.0,32936000000.0,4671000000.0,13535000000.0,0,0,0.4,0.2,0.1,0.2,0.0
MMM,2025-06-30,6344000000.0,2649000000.0,1102000000.0,723000000.0,0,1448000000.0,37989000000.0,33638000000.0,3712000000.0,13726000000.0,0,0,0.4,0.2,0.1,0.2,0.0
MMM,2025-03-31,5954000000.0,2436000000.0,1218000000.0,1116000000.0,0,1928000000.0,39951000000.0,35428000000.0,6326000000.0,14067000000.0,0,0,0.4,0.2,0.2,0.2,0.0
MMM,2024-12-31,6010000000.0,2272000000.0,1093000000.0,728000000.0,0,1330000000.0,39868000000.0,35974000000.0,5600000000.0,13659000000.0,0,0,0.4,0.2,0.1,0.2,0.0
TT,2025-09-30,5742500000.0,2118200000.0,1165300000.0,847600000.0,0,1235600000.0,21373800000.0,13027500000.0,1125800000.0,4615900000.0,0,0,0.4,0.2,0.1,0.1,0.0
TT,2025-06-30,5746400000.0,2160600000.0,1164200000.0,874800000.0,0,1249000000.0,20990500000.0,13135300000.0,774200000.0,4615000000.0,0,0,0.4,0.2,0.2,0.1,0.0
TT,2025-03-31,4688500000.0,1677500000.0,818900000.0,604900000.0,0,910100000.0,20117400000.0,12599900000.0,860500000.0,4771300000.0,0,0,0.4,0.2,0.1,0.1,0.0
TT,2024-12-31,4874000000.0,1710800000.0,807600000.0,604300000.0,0,907200000.0,20146700000.0,12659800000.0,1590100000.0,4770300000.0,0,0,0.4,0.2,0.1,0.1,0.0
ABNB,2025-09-30,4095000000.0,3546000000.0,1625000000.0,1374000000.0,0,1813000000.0,23064000000.0,14454000000.0,7528000000.0,2278000000.0,0,0,0.9,0.4,0.3,0.2,0.1
ABNB,2025-06-30,3096000000.0,2552000000.0,612000000.0,642000000.0,0,633000000.0,26992000000.0,19210000000.0,7402000000.0,2282000000.0,0,0,0.8,0.2,0.2,0.1,0.0
ABNB,2025-03-31,2272000000.0,1766000000.0,38000000.0,154000000.0,0,63000000.0,25056000000.0,17119000000.0,7600000000.0,2280000000.0,0,0,0.8,0.0,0.1,0.0,0.0
ABNB,2024-12-31,2480000000.0,2053000000.0,430000000.0,461000000.0,0,452000000.0,20959000000.0,12547000000.0,6864000000.0,2294000000.0,0,0,0.8,0.2,0.2,0.1,0.0
CDNS,2025-09-30,1338838000.0,1275345000.0,425390000.0,287122000.0,0,475866000.0,9599271000.0,4400269000.0,2753246000.0,2479142000.0,0,0,1.0,0.3,0.2,0.1,0.0
CDNS,2025-06-30,1275441000.0,1091274000.0,241797000.0,160051000.0,0,367306000.0,9508698000.0,4502160000.0,2822762000.0,2478145000.0,0,0,0.9,0.2,0.1,0.0,0.0
CDNS,2025-03-31,1242366000.0,1075233000.0,361520000.0,273579000.0,0,436280000.0,9013486000.0,4237229000.0,2777674000.0,2477159000.0,0,0,0.9,0.3,0.2,0.1,0.0
CDNS,2024-12-31,1355981000.0,1135990000.0,456875000.0,340210000.0,0,520422000.0,8974482000.0,4300904000.0,2644030000.0,2585076000.0,0,0,0.8,0.3,0.3,0.1,0.0
SNPS,2025-10-31,2254860000.0,1363081000.0,40233000.0,448453000.0,0,1252761000.0,48224461000.0,19897446000.0,2888030000.0,14293418000.0,0,0,0.6,0.0,0.2,0.0,0.0
SNPS,2025-07-31,1739737000.0,1359173000.0,165269000.0,242509000.0,0,450281000.0,48230256000.0,20616070000.0,2526475000.0,15140314000.0,0,0,0.8,0.1,0.1,0.0,0.0
SNPS,2025-04-30,1602984000.0,1285919000.0,376426000.0,345332000.0,0,564798000.0,23756517000.0,13840912000.0,14119095000.0,10742251000.0,0,0,0.8,0.2,0.2,0.0,0.0
SNPS,2025-01-31,1456317000.0,1147004000.0,332999000.0,295683000.0,0,349734000.0,13041089000.0,3736188000.0,3653880000.0,665037000.0,0,0,0.8,0.2,0.2,0.0,0.0
CTAS,2025-11-30,2799992000.0,1412485000.0,655714000.0,495343000.0,0,656580000.0,10132881000.0,5677534000.0,200842000.0,3237065000.0,0,0,0.5,0.2,0.2,0.1,0.0
CTAS,2025-08-31,2718122000.0,1366561000.0,617859000.0,491140000.0,0,746005000.0,9837690000.0,5081990000.0,138143000.0,2675266000.0,0,0,0.5,0.2,0.2,0.1,0.0
CTAS,2025-05-31,2667652000.0,1325989000.0,597452000.0,448256000.0,0,721364000.0,9825241000.0,5140760000.0,263973000.0,2654481000.0,0,0,0.5,0.2,0.2,0.1,0.0
CTAS,2025-02-28,2609159000.0,1319341000.0,609853000.0,463497000.0,0,740285000.0,9611136000.0,5018888000.0,243428000.0,2691842000.0,0,0,0.5,0.2,0.2,0.1,0.0
MAR,2025-09-30,6489000000.0,1424000000.0,1180000000.0,728000000.0,0,1250000000.0,27833000000.0,30952000000.0,678000000.0,16886000000.0,0,0,0.2,0.2,0.1,0.0,0.0
MAR,2025-06-30,6744000000.0,1812000000.0,1236000000.0,763000000.0,0,1310000000.0,27342000000.0,30306000000.0,671000000.0,16536000000.0,0,0,0.3,0.2,0.1,0.0,0.0
MAR,2025-03-31,6263000000.0,1245000000.0,948000000.0,665000000.0,0,1092000000.0,26651000000.0,29819000000.0,523000000.0,15851000000.0,0,0,0.2,0.2,0.1,0.0,0.0
MAR,2024-12-31,6429000000.0,1139000000.0,752000000.0,455000000.0,0,1057000000.0,26182000000.0,29174000000.0,396000000.0,15241000000.0,0,0,0.2,0.1,0.1,0.0,0.0
CI,2025-09-30,69748000000.0,5940000000.0,2578000000.0,1868000000.0,0,3339000000.0,157919000000.0,115905000000.0,6025000000.0,34040000000.0,0,0,0.1,0.0,0.0,0.0,0.0
CI,2025-06-30,67230000000.0,7886000000.0,2432000000.0,1532000000.0,0,3040000000.0,151651000000.0,111221000000.0,4329000000.0,30768000000.0,0,0,0.1,0.0,0.0,0.0,0.0
CI,2025-03-31,65502000000.0,6606000000.0,1971000000.0,1323000000.0,0,3059000000.0,150658000000.0,110244000000.0,8334000000.0,30448000000.0,0,0,0.1,0.0,0.0,0.0,0.0
CI,2024-12-31,65649000000.0,6462000000.0,2173000000.0,1424000000.0,0,2941000000.0,155881000000.0,114638000000.0,7550000000.0,31972000000.0,0,0,0.1,0.0,0.0,0.0,0.0
AON,2025-09-30,3997000000.0,1134100000.0,816000000.0,470000000.0,0,1009000000.0,51637000000.0,43538000000.0,1095000000.0,17626000000.0,0,0,0.3,0.2,0.1,0.1,0.0
AON,2025-06-30,4155000000.0,1795000000.0,859000000.0,579000000.0,0,1163000000.0,54010000000.0,45921000000.0,1008000000.0,18178000000.0,0,0,0.4,0.2,0.1,0.1,0.0
AON,2025-03-31,4729000000.0,2480000000.0,1461000000.0,965000000.0,0,1701000000.0,50304000000.0,43030000000.0,964000000.0,18510000000.0,0,0,0.5,0.3,0.2,0.1,0.0
AON,2024-12-31,4147000000.0,2027000000.0,1091000000.0,716000000.0,0,1329000000.0,48965000000.0,42535000000.0,1085000000.0,17892000000.0,0,0,0.5,0.3,0.2,0.1,0.0
PNC,2025-09-30,8794000000.0,5748000000.0,2287000000.0,1808000000.0,0,2287000000.0,568767000000.0,509729000000.0,38871000000.0,62344000000.0,0,0,0.7,0.3,0.2,0.0,0.0
PNC,2025-06-30,8376000000.0,5407000000.0,2024000000.0,1627000000.0,0,2024000000.0,559107000000.0,501452000000.0,30394000000.0,60424000000.0,0,0,0.6,0.2,0.2,0.0,0.0
PNC,2025-03-31,8101000000.0,5233000000.0,1846000000.0,1481000000.0,0,1936000000.0,554722000000.0,498271000000.0,38400000000.0,60722000000.0,0,0,0.6,0.2,0.2,0.0,0.0
PNC,2024-12-31,8532000000.0,5411000000.0,1905000000.0,1610000000.0,0,2069000000.0,560038000000.0,505569000000.0,46251000000.0,61673000000.0,0,0,0.6,0.2,0.2,0.0,0.0
CMG,2025-09-30,3003444000.0,735583000.0,477172000.0,382103000.0,0,587485000.0,9281848000.0,6060010000.0,698743000.0,4980117000.0,0,0,0.2,0.2,0.1,0.1,0.0
CMG,2025-06-30,3063393000.0,838230000.0,559057000.0,436127000.0,0,668357000.0,9268794000.0,5740599000.0,844524000.0,4780586000.0,0,0,0.3,0.2,0.1,0.1,0.0
CMG,2025-03-31,2875253000.0,753622000.0,479250000.0,386599000.0,0,580839000.0,9044094000.0,5553222000.0,725597000.0,4633079000.0,0,0,0.3,0.2,0.1,0.1,0.0
CMG,2024-12-31,2845310000.0,704261000.0,415732000.0,331764000.0,0,513045000.0,9204374000.0,5548828000.0,748537000.0,4540618000.0,0,0,0.2,0.1,0.1,0.1,0.0
MSI,2025-09-30,3009000000.0,1502000000.0,782000000.0,562000000.0,0,956000000.0,18799000000.0,16455000000.0,894000000.0,9936000000.0,0,0,0.5,0.3,0.2,0.2,0.0
MSI,2025-06-30,2765000000.0,1413000000.0,692000000.0,513000000.0,0,837000000.0,16412000000.0,14428000000.0,3206000000.0,8332000000.0,0,0,0.5,0.3,0.2,0.3,0.0
MSI,2025-03-31,2528000000.0,1300000000.0,582000000.0,430000000.0,0,697000000.0,14433000000.0,12774000000.0,1564000000.0,6525000000.0,0,0,0.5,0.2,0.2,0.3,0.0
MSI,2024-12-31,3011000000.0,1549000000.0,814000000.0,611000000.0,0,948000000.0,14595000000.0,12876000000.0,2102000000.0,6551000000.0,0,0,0.5,0.3,0.2,0.4,0.0
COF,2025-09-30,19718000000.0,12645000000.0,4382000000.0,3193000000.0,0,6214000000.0,661877000000.0,548064000000.0,55279000000.0,51482000000.0,0,0,0.6,0.2,0.2,0.0,0.0
COF,2025-06-30,16410000000.0,1147000000.0,-5929000000.0,-4277000000.0,0,-4918000000.0,658968000000.0,548012000000.0,59109000000.0,52666000000.0,0,0,0.1,-0.4,-0.3,-0.0,-0.0
COF,2025-03-31,13405000000.0,7631000000.0,1729000000.0,1404000000.0,0,2541000000.0,493604000000.0,430062000000.0,48573000000.0,41773000000.0,0,0,0.6,0.1,0.1,0.0,0.0
COF,2024-12-31,13809000000.0,7548000000.0,1459000000.0,1096000000.0,0,2273000000.0,490144000000.0,429360000000.0,43230000000.0,45551000000.0,0,0,0.5,0.1,0.1,0.0,0.0
MDLZ,2025-09-30,9744000000.0,2612000000.0,744000000.0,743000000.0,0,1195000000.0,71358000000.0,45129000000.0,1367000000.0,21933000000.0,0,0,0.3,0.1,0.1,0.0,0.0
MDLZ,2025-06-30,8984000000.0,2937000000.0,1172000000.0,641000000.0,0,1345000000.0,71020000000.0,44773000000.0,1504000000.0,21505000000.0,0,0,0.3,0.1,0.1,0.0,0.0
MDLZ,2025-03-31,9313000000.0,2430000000.0,680000000.0,402000000.0,0,1006000000.0,68927000000.0,43104000000.0,1561000000.0,20155000000.0,0,0,0.3,0.1,0.0,0.0,0.0
MDLZ,2024-12-31,9604000000.0,3711000000.0,1611000000.0,1745000000.0,0,2055000000.0,68497000000.0,41539000000.0,1351000000.0,18372000000.0,0,0,0.4,0.2,0.2,0.1,0.0
FTNT,2025-09-30,1724900000.0,1406300000.0,545900000.0,473900000.0,0,600800000.0,9361300000.0,8626200000.0,1995700000.0,995900000.0,0,0,0.8,0.3,0.3,0.6,0.1
FTNT,2025-06-30,1630000000.0,1328300000.0,456700000.0,440100000.0,0,560200000.0,10641400000.0,8581000000.0,3368500000.0,995300000.0,0,0,0.8,0.3,0.3,0.2,0.0
FTNT,2025-03-31,1539700000.0,1246600000.0,453800000.0,433400000.0,0,560000000.0,10407000000.0,8444100000.0,3596600000.0,994900000.0,0,0,0.8,0.3,0.3,0.2,0.0
FTNT,2024-12-31,1660100000.0,1345600000.0,574100000.0,526200000.0,0,658500000.0,9763100000.0,8269300000.0,2875900000.0,994300000.0,0,0,0.8,0.3,0.3,0.4,0.1
ZTS,2025-09-30,2400000000.0,1717000000.0,936000000.0,721000000.0,0,1069000000.0,15159000000.0,9761000000.0,2084000000.0,7273000000.0,0,0,0.7,0.4,0.3,0.1,0.0
ZTS,2025-06-30,2460000000.0,1778000000.0,989000000.0,718000000.0,0,1083000000.0,14479000000.0,9502000000.0,1435000000.0,6791000000.0,0,0,0.7,0.4,0.3,0.1,0.0
ZTS,2025-03-31,2220000000.0,1566000000.0,846000000.0,631000000.0,0,988000000.0,14098000000.0,9443000000.0,1721000000.0,6750000000.0,0,0,0.7,0.4,0.3,0.1,0.0
ZTS,2024-12-31,2317000000.0,1576000000.0,765000000.0,581000000.0,0,911000000.0,14237000000.0,9467000000.0,1985000000.0,6744000000.0,0,0,0.7,0.3,0.3,0.1,0.0
ITW,2025-09-30,4059000000.0,1806000000.0,1112000000.0,821000000.0,0,1224000000.0,16135000000.0,12926000000.0,924000000.0,8942000000.0,0,0,0.4,0.3,0.2,0.3,0.1
ITW,2025-06-30,4053000000.0,1782000000.0,1068000000.0,755000000.0,0,1171000000.0,16048000000.0,12837000000.0,788000000.0,8937000000.0,0,0,0.4,0.3,0.2,0.2,0.0
ITW,2025-03-31,3839000000.0,1657000000.0,951000000.0,700000000.0,0,1058000000.0,15468000000.0,12226000000.0,873000000.0,8263000000.0,0,0,0.4,0.2,0.2,0.2,0.0
ITW,2024-12-31,3932000000.0,1686000000.0,1031000000.0,750000000.0,0,1153000000.0,15067000000.0,11750000000.0,948000000.0,8078000000.0,0,0,0.4,0.3,0.2,0.2,0.0
TDG,2025-09-30,2437000000.0,1470000000.0,1161000000.0,610000000.0,0,1269000000.0,22909000000.0,32588000000.0,2808000000.0,30030000000.0,0,0,0.6,0.5,0.3,0.0,0.0
TDG,2025-06-30,2237000000.0,1332000000.0,1039000000.0,492000000.0,0,1124000000.0,22700000000.0,27696000000.0,2792000000.0,25012000000.0,0,0,0.6,0.5,0.2,0.0,0.0
TDG,2025-03-31,2150000000.0,1274000000.0,991000000.0,479000000.0,0,1089000000.0,21905000000.0,27569000000.0,2426000000.0,25049000000.0,0,0,0.6,0.5,0.2,0.0,0.0
TDG,2024-12-31,2006000000.0,1235000000.0,974000000.0,493000000.0,0,1087000000.0,21515000000.0,27766000000.0,2459000000.0,25049000000.0,0,0,0.6,0.5,0.2,0.0,0.0
MCK,2025-09-30,103150000000.0,3542000000.0,1468000000.0,1110000000.0,0,1469000000.0,84160000000.0,84738000000.0,4109000000.0,9792000000.0,0,0,0.0,0.0,0.0,0.0,0.0
MCK,2025-06-30,97827000000.0,3279000000.0,1036000000.0,784000000.0,0,1257000000.0,81311000000.0,82174000000.0,2418000000.0,9933000000.0,0,0,0.0,0.0,0.0,0.0,0.0
MCK,2025-03-31,90823000000.0,2920000000.0,1036000000.0,1260000000.0,0,1711000000.0,75140000000.0,76834000000.0,5691000000.0,7390000000.0,0,0,0.0,0.0,0.0,0.0,0.0
MCK,2024-12-31,95294000000.0,3220000000.0,1287000000.0,879000000.0,0,1446000000.0,71081000000.0,73785000000.0,1131000000.0,9757000000.0,0,0,0.0,0.0,0.0,0.0,0.0
AJG,2025-09-30,3365600000.0,3049100000.0,536600000.0,272700000.0,0,812900000.0,79067900000.0,55831000000.0,1399300000.0,13685400000.0,0,0,0.9,0.2,0.1,0.0,0.0
AJG,2025-06-30,3220800000.0,1374500000.0,624400000.0,365800000.0,0,860800000.0,80122600000.0,57066300000.0,14299500000.0,13297100000.0,0,0,0.4,0.2,0.1,0.0,0.0
AJG,2025-03-31,3727400000.0,1790700000.0,1046900000.0,704400000.0,0,1284500000.0,74095700000.0,51742000000.0,16691800000.0,13413900000.0,0,0,0.5,0.3,0.2,0.0,0.0
AJG,2024-12-31,2716000000.0,1125600000.0,473700000.0,258300000.0,0,660700000.0,64255200000.0,44075600000.0,14987300000.0,13485200000.0,0,0,0.4,0.2,0.1,0.0,0.0
ORLY,2025-09-30,4705696000.0,2439946000.0,976067000.0,725896000.0,0,1111882000.0,16279627000.0,17174303000.0,204513000.0,8401656000.0,0,0,0.5,0.2,0.2,0.0,0.0
ORLY,2025-06-30,4525058000.0,2326538000.0,914470000.0,668595000.0,0,1043727000.0,15820619000.0,17052481000.0,198613000.0,8312948000.0,0,0,0.5,0.2,0.1,0.0,0.0
ORLY,2025-03-31,4136924000.0,2121485000.0,741466000.0,538485000.0,0,864139000.0,15293875000.0,16651331000.0,191248000.0,8103819000.0,0,0,0.5,0.2,0.1,0.0,0.0
ORLY,2024-12-31,4095601000.0,2101032000.0,738650000.0,551130000.0,0,863168000.0,14893741000.0,16264702000.0,130245000.0,7920850000.0,0,0,0.5,0.2,0.1,0.0,0.0
APD,2025-09-30,3166900000.0,1021400000.0,16800000.0,4900000.0,0,601900000.0,41059500000.0,23709700000.0,1856000000.0,18406200000.0,0,0,0.3,0.0,0.0,0.0,0.0
APD,2025-06-30,3022700000.0,982600000.0,790600000.0,713800000.0,0,1353200000.0,41659100000.0,23891100000.0,2324300000.0,18341000000.0,0,0,0.3,0.3,0.2,0.0,0.0
APD,2025-03-31,2916200000.0,862300000.0,-2328000000.0,-1730600000.0,0,-1817500000.0,38872900000.0,22093300000.0,1491400000.0,16495300000.0,0,0,0.3,-0.8,-0.6,-0.1,-0.0
APD,2024-12-31,2931500000.0,915000000.0,643600000.0,617400000.0,0,1199900000.0,40017200000.0,21278500000.0,1845500000.0,15125600000.0,0,0,0.3,0.2,0.2,0.0,0.0
USB,2025-09-30,11005000000.0,6729000000.0,2532000000.0,2001000000.0,0,2748000000.0,695357000000.0,631559000000.0,66637000000.0,77984000000.0,0,0,0.6,0.2,0.2,0.0,0.0
USB,2025-06-30,10528000000.0,6474000000.0,2293000000.0,1815000000.0,0,2510000000.0,686370000000.0,624474000000.0,57807000000.0,79052000000.0,0,0,0.6,0.2,0.2,0.0,0.0
USB,2025-03-31,10352000000.0,6391000000.0,2159000000.0,1709000000.0,0,2374000000.0,676489000000.0,615931000000.0,50013000000.0,77017000000.0,0,0,0.6,0.2,0.2,0.0,0.0
USB,2024-12-31,10664000000.0,6419000000.0,2108000000.0,1663000000.0,0,2346000000.0,678318000000.0,619278000000.0,56502000000.0,73520000000.0,0,0,0.6,0.2,0.2,0.0,0.0
EMR,2025-09-30,4855000000.0,2520000000.0,636000000.0,637000000.0,0,1438000000.0,41964000000.0,21666000000.0,1544000000.0,13759000000.0,0,0,0.5,0.1,0.1,0.0,0.0
EMR,2025-06-30,4553000000.0,2393000000.0,908000000.0,586000000.0,0,1201000000.0,42517000000.0,22631000000.0,2219000000.0,14869000000.0,0,0,0.5,0.2,0.1,0.0,0.0
EMR,2025-03-31,4432000000.0,2371000000.0,859000000.0,485000000.0,0,1099000000.0,41978000000.0,22712000000.0,1887000000.0,14851000000.0,0,0,0.5,0.2,0.1,0.0,0.0
EMR,2024-12-31,4175000000.0,2235000000.0,782000000.0,585000000.0,0,1210000000.0,42610000000.0,16231000000.0,2834000000.0,7623000000.0,0,0,0.5,0.2,0.1,0.0,0.0
REGN,2025-09-30,3754300000.0,3232700000.0,1026800000.0,1460000000.0,0,1919300000.0,40169400000.0,9211600000.0,2506400000.0,2705500000.0,0,0,0.9,0.3,0.4,0.0,0.0
REGN,2025-06-30,3675600000.0,3145400000.0,1079500000.0,1391600000.0,0,1657400000.0,38219200000.0,8280300000.0,1995800000.0,2705100000.0,0,0,0.9,0.3,0.4,0.0,0.0
REGN,2025-03-31,3028700000.0,2564400000.0,591700000.0,808700000.0,0,1040600000.0,37545200000.0,8157600000.0,3090200000.0,2704800000.0,0,0,0.8,0.2,0.3,0.0,0.0
REGN,2024-12-31,3789200000.0,3223800000.0,990200000.0,917700000.0,0,1095000000.0,37759400000.0,8405800000.0,2488200000.0,2704400000.0,0,0,0.9,0.3,0.2,0.0,0.0
DELL,2025-10-31,27005000000.0,5714000000.0,2119000000.0,1548000000.0,0,2240000000.0,87479000000.0,90099000000.0,9569000000.0,31243000000.0,0,0,0.2,0.1,0.1,0.0,0.0
DELL,2025-07-31,29776000000.0,5447000000.0,1773000000.0,1164000000.0,0,756000000.0,89176000000.0,91942000000.0,8291000000.0,29479000000.0,0,0,0.2,0.1,0.0,0.0,0.0
DELL,2025-04-30,23378000000.0,4937000000.0,1165000000.0,965000000.0,0,2182000000.0,86869000000.0,89893000000.0,7700000000.0,28781000000.0,0,0,0.2,0.0,0.0,0.0,0.0
DELL,2025-01-31,23806000000.0,5485000000.0,2159000000.0,1533000000.0,0,3089000000.0,79746000000.0,81133000000.0,3633000000.0,24567000000.0,0,0,0.2,0.1,0.1,0.0,0.0
BDX,2025-09-30,5891000000.0,2799000000.0,683000000.0,493000000.0,0,0.0,55325000000.0,29935000000.0,641000000.0,18476000000.0,0,0,0.5,0.1,0.1,0.0,0.0
BDX,2025-06-30,5890000000.0,2798000000.0,697000000.0,493000000.0,0,1294000000.0,55325000000.0,29936000000.0,851000000.0,19181000000.0,0,0,0.5,0.1,0.1,0.0,0.0
BDX,2025-03-31,5272000000.0,2257000000.0,546000000.0,308000000.0,0,1122000000.0,54467000000.0,29226000000.0,667000000.0,19270000000.0,0,0,0.4,0.1,0.1,0.0,0.0
BDX,2024-12-31,5168000000.0,2235000000.0,453000000.0,303000000.0,0,1068000000.0,54665000000.0,29461000000.0,711000000.0,18758000000.0,0,0,0.4,0.1,0.1,0.0,0.0
RCL,2025-09-30,5139000000.0,2660000000.0,1702000000.0,1579000000.0,0,2258000000.0,40109000000.0,29821000000.0,432000000.0,20975000000.0,0,0,0.5,0.3,0.3,0.2,0.0
RCL,2025-06-30,4538000000.0,2255000000.0,1329000000.0,1210000000.0,0,1860000000.0,38542000000.0,29182000000.0,735000000.0,19737000000.0,0,0,0.5,0.3,0.3,0.1,0.0
RCL,2025-03-31,3999000000.0,1921000000.0,945000000.0,730000000.0,0,1398000000.0,37452000000.0,29310000000.0,386000000.0,20119000000.0,0,0,0.5,0.2,0.2,0.1,0.0
RCL,2024-12-31,3761000000.0,1709000000.0,624000000.0,552000000.0,0,1236000000.0,37070000000.0,29335000000.0,388000000.0,20820000000.0,0,0,0.5,0.2,0.1,0.1,0.0
CVS,2025-09-30,102871000000.0,13806000000.0,-3207000000.0,-3975000000.0,0,-1564000000.0,255327000000.0,182217000000.0,9155000000.0,81752000000.0,0,0,0.1,-0.0,-0.0,-0.1,-0.0
CVS,2025-06-30,98915000000.0,13593000000.0,2381000000.0,1021000000.0,0,3581000000.0,258343000000.0,180792000000.0,11787000000.0,82724000000.0,0,0,0.1,0.0,0.0,0.0,0.0
CVS,2025-03-31,94588000000.0,14396000000.0,3374000000.0,1779000000.0,0,4556000000.0,255585000000.0,178475000000.0,10076000000.0,81213000000.0,0,0,0.2,0.0,0.0,0.0,0.0
CVS,2024-12-31,97710000000.0,12899000000.0,2368000000.0,1644000000.0,0,4027000000.0,253215000000.0,177485000000.0,8586000000.0,82920000000.0,0,0,0.1,0.0,0.0,0.0,0.0
ECL,2025-09-30,4165000000.0,1865600000.0,760200000.0,585000000.0,0,789000000.0,23897600000.0,14143700000.0,1955800000.0,8830000000.0,0,0,0.4,0.2,0.1,0.1,0.0
ECL,2025-06-30,4025200000.0,1802400000.0,710100000.0,524200000.0,0,977800000.0,23736000000.0,14385400000.0,1920900000.0,8967400000.0,0,0,0.4,0.2,0.1,0.1,0.0
ECL,2025-03-31,3695000000.0,1637500000.0,586800000.0,402500000.0,0,818200000.0,22366400000.0,13462700000.0,1162600000.0,8357900000.0,0,0,0.4,0.2,0.1,0.0,0.0
ECL,2024-12-31,4005200000.0,1737900000.0,685900000.0,472900000.0,0,848500000.0,22366400000.0,13462700000.0,1162600000.0,8357900000.0,0,0,0.4,0.2,0.1,0.1,0.0
CL,2025-09-30,5131000000.0,3049000000.0,1097000000.0,735000000.0,0,1217000000.0,17513000000.0,16275000000.0,1279000000.0,8419000000.0,0,0,0.6,0.2,0.1,0.6,0.0
CL,2025-06-30,5110000000.0,3069000000.0,1080000000.0,743000000.0,0,1217000000.0,17470000000.0,16418000000.0,1215000000.0,8758000000.0,0,0,0.6,0.2,0.1,0.7,0.0
CL,2025-03-31,4911000000.0,2987000000.0,1090000000.0,690000000.0,0,1167000000.0,16647000000.0,15914000000.0,1112000000.0,8269000000.0,0,0,0.6,0.2,0.1,0.9,0.0
CL,2024-12-31,4944000000.0,2983000000.0,1090000000.0,739000000.0,0,1208000000.0,16046000000.0,15502000000.0,1096000000.0,8512000000.0,0,0,0.6,0.2,0.1,1.4,0.0
EOG,2025-09-30,5732000000.0,3545000000.0,1836000000.0,1471000000.0,0,3064000000.0,52199000000.0,21914000000.0,3530000000.0,8127000000.0,0,0,0.6,0.3,0.3,0.0,0.0
EOG,2025-06-30,5355000000.0,3451000000.0,1747000000.0,1345000000.0,0,2855000000.0,46284000000.0,17046000000.0,5216000000.0,4596000000.0,0,0,0.6,0.3,0.3,0.0,0.0
EOG,2025-03-31,5842000000.0,3988000000.0,1859000000.0,1463000000.0,0,2937000000.0,46982000000.0,17466000000.0,6599000000.0,5062000000.0,0,0,0.7,0.3,0.3,0.0,0.0
EOG,2024-12-31,5650000000.0,5518000000.0,1592000000.0,1251000000.0,0,2681000000.0,47186000000.0,17835000000.0,7092000000.0,5067000000.0,0,0,1.0,0.3,0.2,0.0,0.0
NOC,2025-09-30,10423000000.0,2227000000.0,1242000000.0,1100000000.0,0,1863000000.0,49300000000.0,33312000000.0,1957000000.0,16958000000.0,0,0,0.2,0.1,0.1,0.1,0.0
NOC,2025-06-30,10351000000.0,2210000000.0,1425000000.0,1174000000.0,0,1950000000.0,49451000000.0,33980000000.0,1899000000.0,17516000000.0,0,0,0.2,0.1,0.1,0.1,0.0
NOC,2025-03-31,9468000000.0,1580000000.0,573000000.0,481000000.0,0,1071000000.0,48468000000.0,33484000000.0,1685000000.0,16626000000.0,0,0,0.2,0.1,0.1,0.0,0.0
NOC,2024-12-31,10686000000.0,1932000000.0,1089000000.0,1264000000.0,0,2125000000.0,49359000000.0,34069000000.0,4353000000.0,18396000000.0,0,0,0.2,0.1,0.1,0.1,0.0
GD,2025-09-30,12907000000.0,1968000000.0,1331000000.0,1059000000.0,0,1572000000.0,57599000000.0,33165000000.0,2520000000.0,10194000000.0,0,0,0.2,0.1,0.1,0.0,0.0
GD,2025-06-30,13041000000.0,1949000000.0,1305000000.0,1014000000.0,0,1543000000.0,56888000000.0,33308000000.0,1523000000.0,10619000000.0,0,0,0.1,0.1,0.1,0.0,0.0
GD,2025-03-31,12223000000.0,1893000000.0,1268000000.0,994000000.0,0,1491000000.0,56580000000.0,34355000000.0,1242000000.0,11507000000.0,0,0,0.2,0.1,0.1,0.0,0.0
GD,2024-12-31,13338000000.0,2085000000.0,1423000000.0,1148000000.0,0,1800000000.0,55880000000.0,33817000000.0,1697000000.0,10676000000.0,0,0,0.2,0.1,0.1,0.1,0.0
RSG,2025-09-30,4212000000.0,1261000000.0,836000000.0,550000000.0,0,1276000000.0,33789000000.0,21918000000.0,84000000.0,13506000000.0,0,0,0.3,0.2,0.1,0.0,0.0
RSG,2025-06-30,4235000000.0,1295000000.0,870000000.0,550000000.0,0,1356000000.0,33397000000.0,21345000000.0,122000000.0,13216000000.0,0,0,0.3,0.2,0.1,0.0,0.0
RSG,2025-03-31,4009000000.0,1233000000.0,806000000.0,495000000.0,0,1267000000.0,33103000000.0,21438000000.0,83000000.0,13530000000.0,0,0,0.3,0.2,0.1,0.0,0.0
RSG,2024-12-31,4046000000.0,1259000000.0,812000000.0,512000000.0,0,1135700000.0,32402000000.0,20995000000.0,74000000.0,12957000000.0,0,0,0.3,0.2,0.1,0.0,0.0
WMB,2025-09-30,2923000000.0,2452000000.0,1109000000.0,647000000.0,0,1865000000.0,55736000000.0,40876000000.0,70000000.0,27987000000.0,0,0,0.8,0.4,0.2,0.0,0.0
WMB,2025-06-30,2770000000.0,1055000000.0,887000000.0,546000000.0,0,1736000000.0,56141000000.0,41336000000.0,903000000.0,28572000000.0,0,0,0.4,0.3,0.2,0.0,0.0
WMB,2025-03-31,3048000000.0,1820000000.0,1094000000.0,691000000.0,0,1856000000.0,54924000000.0,40059000000.0,100000000.0,27411000000.0,0,0,0.6,0.4,0.2,0.0,0.0
WMB,2024-12-31,2743000000.0,1556000000.0,793000000.0,486000000.0,0,1511000000.0,54532000000.0,39692000000.0,60000000.0,26937000000.0,0,0,0.6,0.3,0.2,0.0,0.0
ADSK,2025-10-31,1853000000.0,1713000000.0,475000000.0,343000000.0,0,470000000.0,11198000000.0,8305000000.0,1989000000.0,2734000000.0,0,0,0.9,0.3,0.2,0.1,0.0
ADSK,2025-07-31,1763000000.0,1627000000.0,444000000.0,313000000.0,0,497000000.0,10856000000.0,8141000000.0,2003000000.0,2734000000.0,0,0,0.9,0.3,0.2,0.1,0.0
ADSK,2025-04-30,1633000000.0,1473000000.0,233000000.0,152000000.0,0,284000000.0,10585000000.0,7968000000.0,1816000000.0,2544000000.0,0,0,0.9,0.1,0.1,0.1,0.0
ADSK,2025-01-31,1633000000.0,1467000000.0,383000000.0,303000000.0,0,418000000.0,10833000000.0,8212000000.0,1599000000.0,2559000000.0,0,0,0.9,0.2,0.2,0.1,0.0
SPG,2025-09-30,1601571000.0,1336361000.0,812914000.0,594367000.0,0,1043808000.0,33602187000.0,30627651000.0,1552577000.0,26318763000.0,0,0,0.8,0.5,0.4,0.2,0.0
SPG,2025-06-30,1498460000.0,1283470000.0,744197000.0,556967000.0,0,1279150000.0,33295602000.0,30204532000.0,1231437000.0,25917315000.0,0,0,0.9,0.5,0.4,0.2,0.0
SPG,2025-03-31,1473012000.0,1198597000.0,727616000.0,414533000.0,0,1052865000.0,32501143000.0,29233568000.0,1380008000.0,25271374000.0,0,0,0.8,0.5,0.3,0.1,0.0
SPG,2024-12-31,1582232000.0,1310458000.0,835746000.0,668065000.0,0,1327865000.0,32405691000.0,28806239000.0,1400345000.0,24784778000.0,0,0,0.8,0.5,0.4,0.2,0.0
FDX,2025-11-30,23469000000.0,6200000000.0,1378000000.0,956000000.0,0,2357000000.0,89181000000.0,61041000000.0,6570000000.0,37766000000.0,0,0,0.3,0.1,0.0,0.0,0.0
FDX,2025-08-31,22244000000.0,4694000000.0,1298000000.0,824000000.0,0,2345000000.0,88416000000.0,60645000000.0,6166000000.0,37906000000.0,0,0,0.2,0.1,0.0,0.0,0.0
FDX,2025-05-31,22220000000.0,5309000000.0,1987000000.0,1648000000.0,0,3404000000.0,87627000000.0,59553000000.0,5502000000.0,37416000000.0,0,0,0.2,0.1,0.1,0.1,0.0
FDX,2025-02-28,22160000000.0,4731000000.0,1471000000.0,909000000.0,0,2363000000.0,85043000000.0,58335000000.0,5135000000.0,37031000000.0,0,0,0.2,0.1,0.0,0.0,0.0
CSX,2025-09-30,4460000000.0,1960000000.0,1066000000.0,673000000.0,0,1511000000.0,43279000000.0,30521000000.0,612000000.0,19643000000.0,0,0,0.4,0.2,0.2,0.1,0.0
CSX,2025-06-30,3574000000.0,1283000000.0,1283000000.0,829000000.0,0,1732000000.0,42929000000.0,30552000000.0,387000000.0,19650000000.0,0,0,0.4,0.4,0.2,0.1,0.0
CSX,2025-03-31,3423000000.0,1041000000.0,1041000000.0,646000000.0,0,1492000000.0,43199000000.0,31024000000.0,1139000000.0,19615000000.0,0,0,0.3,0.3,0.2,0.1,0.0
CSX,2024-12-31,3539000000.0,1211000000.0,1211000000.0,733000000.0,0,1565000000.0,42764000000.0,30257000000.0,933000000.0,18989000000.0,0,0,0.3,0.3,0.2,0.1,0.0
TGT,2025-10-31,25270000000.0,7133000000.0,948000000.0,689000000.0,0,1747000000.0,59991000000.0,44490000000.0,3822000000.0,20041000000.0,0,0,0.3,0.0,0.0,0.0,0.0
TGT,2025-07-31,25211000000.0,6676000000.0,1351000000.0,935000000.0,0,2111000000.0,57851000000.0,42431000000.0,4341000000.0,19970000000.0,0,0,0.3,0.1,0.0,0.1,0.0
TGT,2025-04-30,23846000000.0,6063000000.0,879000000.0,1036000000.0,0,2291000000.0,56185000000.0,41238000000.0,2887000000.0,19037000000.0,0,0,0.3,0.0,0.0,0.1,0.0
TGT,2025-01-31,30915000000.0,7467000000.0,1498000000.0,1103000000.0,0,2267000000.0,57769000000.0,43103000000.0,4762000000.0,19875000000.0,0,0,0.2,0.0,0.0,0.1,0.0
TFC,2025-09-30,7173000000.0,4141000000.0,1452000000.0,1297000000.0,0,1555000000.0,543851000000.0,478205000000.0,36852000000.0,71105000000.0,0,0,0.6,0.2,0.2,0.0,0.0
TFC,2025-06-30,7554000000.0,4499000000.0,1513000000.0,1240000000.0,0,1725000000.0,543833000000.0,478993000000.0,41451000000.0,61058000000.0,0,0,0.6,0.2,0.2,0.0,0.0
TFC,2025-03-31,7380000000.0,4441000000.0,1535000000.0,1261000000.0,0,1755000000.0,535899000000.0,471264000000.0,42171000000.0,55760000000.0,0,0,0.6,0.2,0.2,0.0,0.0
TFC,2024-12-31,7649000000.0,4589000000.0,1554000000.0,1276000000.0,0,1791000000.0,531176000000.0,467497000000.0,39768000000.0,62265000000.0,0,0,0.6,0.2,0.2,0.0,0.0
HLT,2025-09-30,3120000000.0,941000000.0,777000000.0,420000000.0,0,809000000.0,16641000000.0,21532000000.0,1057000000.0,12351000000.0,0,0,0.3,0.2,0.1,0.0,0.0
HLT,2025-06-30,3137000000.0,956000000.0,778000000.0,440000000.0,0,823000000.0,15904000000.0,20453000000.0,371000000.0,11693000000.0,0,0,0.3,0.2,0.1,0.0,0.0
HLT,2025-03-31,2695000000.0,697000000.0,536000000.0,300000000.0,0,596000000.0,16043000000.0,20382000000.0,731000000.0,11880000000.0,0,0,0.3,0.2,0.1,0.0,0.0
HLT,2024-12-31,2783000000.0,669000000.0,489000000.0,505000000.0,0,532000000.0,16522000000.0,20211000000.0,1301000000.0,12003000000.0,0,0,0.2,0.2,0.2,0.0,0.0
ROP,2025-09-30,2017500000.0,1403000000.0,573000000.0,398500000.0,0,1024000000.0,34584400000.0,14591600000.0,320000000.0,9454100000.0,0,0,0.7,0.3,0.2,0.0,0.0
ROP,2025-06-30,1943600000.0,1345400000.0,548300000.0,378300000.0,0,787400000.0,33220400000.0,13586500000.0,242400000.0,8859000000.0,0,0,0.7,0.3,0.2,0.0,0.0
ROP,2025-03-31,1882800000.0,1293700000.0,525799999.0,331100000.0,0,694000000.0,31418800000.0,12195200000.0,372800000.0,7456400000.0,0,0,0.7,0.3,0.2,0.0,0.0
ROP,2024-12-31,1877100000.0,1282300000.0,524700000.0,462300000.0,0,872600000.0,31334700000.0,12467100000.0,188200000.0,7669200000.0,0,0,0.7,0.3,0.2,0.0,0.0
BK,2025-09-30,10359000000.0,5008000000.0,1852000000.0,1445000000.0,0,2280000000.0,455312000000.0,410951000000.0,119861000000.0,51519000000.0,0,0,0.5,0.2,0.1,0.0,0.0
BK,2025-06-30,10364000000.0,4982000000.0,1839000000.0,1423000000.0,0,2265000000.0,485781000000.0,441242000000.0,141301000000.0,51282000000.0,0,0,0.5,0.2,0.1,0.0,0.0
BK,2025-03-31,9651000000.0,4669000000.0,1522000000.0,1220000000.0,0,1968000000.0,440691000000.0,397068000000.0,116545000000.0,48406000000.0,0,0,0.5,0.2,0.1,0.0,0.0
BK,2024-12-31,10033000000.0,4740000000.0,1472000000.0,1155000000.0,0,1900000000.0,416064000000.0,374300000000.0,101937000000.0,45444000000.0,0,0,0.5,0.1,0.1,0.0,0.0
KMI,2025-09-30,4146000000.0,1356000000.0,1062000000.0,628000000.0,0,1904000000.0,72316000000.0,40283000000.0,71000000.0,32580000000.0,0,0,0.3,0.3,0.2,0.0,0.0
KMI,2025-06-30,4042000000.0,1442000000.0,1143000000.0,715000000.0,0,1987000000.0,72371000000.0,40290000000.0,82000000.0,32549000000.0,0,0,0.4,0.3,0.2,0.0,0.0
KMI,2025-03-31,4254000000.0,1542000000.0,1243000000.0,717000000.0,0,1989000000.0,72318000000.0,40392000000.0,80000000.0,32899000000.0,0,0,0.4,0.3,0.2,0.0,0.0
KMI,2024-12-31,3967000000.0,1433000000.0,1145000000.0,667000000.0,0,1929000000.0,71407000000.0,39540000000.0,88000000.0,31669000000.0,0,0,0.4,0.3,0.2,0.0,0.0
MET,2025-09-30,16881000000.0,2937000000.0,1210000000.0,896000000.0,0,1481000000.0,719726000000.0,690535000000.0,20233000000.0,19832000000.0,0,0,0.2,0.1,0.1,0.0,0.0
MET,2025-06-30,17176000000.0,4540000000.0,980000000.0,729000000.0,0,1249000000.0,702470000000.0,674543000000.0,22178000000.0,19906000000.0,0,0,0.3,0.1,0.0,0.0,0.0
MET,2025-03-31,18263000000.0,4721000000.0,1354000000.0,945000000.0,0,1612000000.0,688316000000.0,660561000000.0,21326000000.0,19229000000.0,0,0,0.3,0.1,0.1,0.0,0.0
MET,2024-12-31,18440000000.0,4864000000.0,1381000000.0,1271000000.0,0,1640000000.0,677457000000.0,649754000000.0,20068000000.0,18715000000.0,0,0,0.3,0.1,0.1,0.0,0.0
AFL,2025-09-30,4793000000.0,2104000000.0,1994000000.0,1639000000.0,0,2706000000.0,122306000000.0,93618000000.0,6768000000.0,8685000000.0,0,0,0.4,0.4,0.3,0.1,0.0
AFL,2025-06-30,4218000000.0,1183000000.0,822000000.0,599000000.0,0,822000000.0,124736000000.0,97536000000.0,6965000000.0,8933000000.0,0,0,0.3,0.2,0.1,0.0,0.0
AFL,2025-03-31,3453000000.0,490000000.0,145000000.0,29000000.0,0,145000000.0,120258000000.0,93920000000.0,5231000000.0,7751000000.0,0,0,0.1,0.0,0.0,0.0,0.0
AFL,2024-12-31,5498000000.0,2527000000.0,2135000000.0,1902000000.0,0,2135000000.0,117566000000.0,91468000000.0,6229000000.0,7498000000.0,0,0,0.5,0.4,0.3,0.1,0.0
CARR,2025-09-30,5579000000.0,1449000000.0,539000000.0,428000000.0,0,855000000.0,38077000000.0,23238000000.0,1423000000.0,12340000000.0,0,0,0.3,0.1,0.1,0.0,0.0
CARR,2025-06-30,6113000000.0,1777000000.0,881000000.0,591000000.0,0,1244000000.0,38493000000.0,23479000000.0,1797000000.0,11887000000.0,0,0,0.3,0.1,0.1,0.0,0.0
CARR,2025-03-31,5218000000.0,1447000000.0,629000000.0,412000000.0,0,585000000.0,36447000000.0,22249000000.0,1698000000.0,11621000000.0,0,0,0.3,0.1,0.1,0.0,0.0
CARR,2024-12-31,5148000000.0,1350000000.0,774000000.0,2551000000.0,0,741000000.0,37403000000.0,23008000000.0,3969000000.0,12710000000.0,0,0,0.3,0.2,0.5,0.2,0.1
PCAR,2025-09-30,6671800000.0,1079200000.0,636000000.0,590000000.0,0,841800000.0,44201200000.0,24832600000.0,6303900000.0,15851400000.0,0,0,0.2,0.1,0.1,0.0,0.0
PCAR,2025-06-30,7510500000.0,1276300000.0,838500000.0,723800000.0,0,1045800000.0,44094800000.0,25152200000.0,5549900000.0,15938600000.0,0,0,0.2,0.1,0.1,0.0,0.0
PCAR,2025-03-31,7441700000.0,1318700000.0,885100000.0,505100000.0,0,1090200000.0,42724700000.0,24702600000.0,5517700000.0,15655000000.0,0,0,0.2,0.1,0.1,0.0,0.0
PCAR,2024-12-31,7907500000.0,1470700000.0,1005700000.0,872000000.0,0,1228900000.0,43418900000.0,25912000000.0,7060800000.0,15895000000.0,0,0,0.2,0.1,0.1,0.0,0.0
NSC,2025-09-30,3103000000.0,1029000000.0,1029000000.0,711000000.0,0,1469000000.0,44580000000.0,29439000000.0,1418000000.0,17083000000.0,0,0,0.3,0.3,0.2,0.0,0.0
NSC,2025-06-30,3110000000.0,1104000000.0,1104000000.0,768000000.0,0,1545000000.0,44155000000.0,29368000000.0,1303000000.0,17367000000.0,0,0,0.4,0.4,0.2,0.1,0.0
NSC,2025-03-31,2993000000.0,938000000.0,938000000.0,750000000.0,0,1523000000.0,43800000000.0,29289000000.0,1006000000.0,17215000000.0,0,0,0.3,0.3,0.3,0.1,0.0
NSC,2024-12-31,3024000000.0,1093000000.0,1093000000.0,733000000.0,0,1469000000.0,43682000000.0,29376000000.0,1641000000.0,17478000000.0,0,0,0.4,0.4,0.2,0.1,0.0
SLB,2025-09-30,8928000000.0,1558000000.0,1316000000.0,739000000.0,0,1780000000.0,55093000000.0,28171000000.0,3014000000.0,12766000000.0,0,0,0.2,0.1,0.1,0.0,0.0
SLB,2025-06-30,8546000000.0,1612000000.0,1345000000.0,1014000000.0,0,2060000000.0,48769000000.0,27218000000.0,3236000000.0,13698000000.0,0,0,0.2,0.2,0.1,0.0,0.0
SLB,2025-03-31,8490000000.0,1606000000.0,1338000000.0,797000000.0,0,1850000000.0,49002000000.0,28254000000.0,2936000000.0,14002000000.0,0,0,0.2,0.2,0.1,0.0,0.0
SLB,2024-12-31,9284000000.0,1961000000.0,1689000000.0,1095000000.0,0,1532000000.0,48935000000.0,26585000000.0,3544000000.0,12074000000.0,0,0,0.2,0.2,0.1,0.0,0.0
VST,2025-09-30,4971000000.0,1486000000.0,1042000000.0,652000000.0,0,1867000000.0,38020000000.0,32797000000.0,602000000.0,17502000000.0,0,0,0.3,0.2,0.1,0.1,0.0
VST,2025-06-30,4250000000.0,934000000.0,515000000.0,327000000.0,0,1118000000.0,38146000000.0,33310000000.0,458000000.0,18045000000.0,0,0,0.2,0.1,0.1,0.1,0.0
VST,2025-03-31,5171000000.0,1540000000.0,1167000000.0,-268000000.0,0,599000000.0,38228000000.0,33390000000.0,561000000.0,17685000000.0,0,0,0.3,0.2,-0.1,-0.1,-0.0
VST,2024-12-31,7362000000.0,4222000000.0,3811000000.0,441000000.0,0,1562000000.0,37770000000.0,32187000000.0,1188000000.0,17364000000.0,0,0,0.6,0.5,0.1,0.1,0.0
OKE,2025-09-30,8634000000.0,1655000000.0,1558000000.0,939000000.0,0,2065000000.0,66616000000.0,44459000000.0,1199000000.0,33727000000.0,0,0,0.2,0.2,0.1,0.0,0.0
OKE,2025-06-30,7887000000.0,1541000000.0,1453000000.0,841000000.0,0,1919000000.0,64524000000.0,42620000000.0,97000000.0,32467000000.0,0,0,0.2,0.2,0.1,0.0,0.0
OKE,2025-03-31,8043000000.0,1353000000.0,1262000000.0,636000000.0,0,1710000000.0,64263000000.0,42143000000.0,141000000.0,32040000000.0,0,0,0.2,0.2,0.1,0.0,0.0
OKE,2024-12-31,7000000000.0,2160000000.0,1568000000.0,923000000.0,0,2120000000.0,64069000000.0,41936000000.0,733000000.0,32293000000.0,0,0,0.3,0.2,0.1,0.0,0.0
AZO,2025-11-30,4628630000.0,2359313000.0,784205000.0,530823000.0,0,932399000.0,19665585000.0,22894192000.0,287639000.0,12049583000.0,0,0,0.5,0.2,0.1,0.0,0.0
AZO,2025-08-31,6242726000.0,3216493000.0,1196065000.0,836951000.0,0,1393477000.0,19355324000.0,22769637000.0,271803000.0,12288796000.0,0,0,0.5,0.2,0.1,0.0,0.0
AZO,2025-05-31,4464339000.0,2353523000.0,866174000.0,608440000.0,0,1010870000.0,18621983000.0,22596388000.0,268625000.0,12188693000.0,0,0,0.5,0.2,0.1,0.0,0.0
AZO,2025-02-28,3952012000.0,2128401000.0,706767000.0,487923000.0,0,844685000.0,18116279000.0,22574052000.0,300905000.0,12365739000.0,0,0,0.5,0.2,0.1,0.0,0.0
CPRT,2025-10-31,1155030000.0,536998000.0,430694000.0,403714000.0,0,478084000.0,10581014000.0,961903000.0,5233590000.0,99936000.0,0,0,0.5,0.4,0.3,0.0,0.0
CPRT,2025-07-31,1125097000.0,509718000.0,412591000.0,396354000.0,0,532015000.0,10090902000.0,883411000.0,2780531000.0,103739000.0,0,0,0.5,0.4,0.4,0.0,0.0
CPRT,2025-04-30,1211716000.0,552267000.0,451545000.0,406609000.0,0,506065000.0,9672222000.0,869525000.0,2366499000.0,101060000.0,0,0,0.5,0.4,0.3,0.0,0.0
CPRT,2025-01-31,1163316000.0,525553000.0,426211000.0,387400000.0,0,480471000.0,9187347000.0,863315000.0,3338909000.0,119397000.0,0,0,0.5,0.4,0.3,0.0,0.0
TRV,2025-09-30,12470000000.0,5876000000.0,2455000000.0,1888000000.0,0,4304000000.0,143678000000.0,112069000000.0,729000000.0,9267000000.0,0,0,0.5,0.2,0.2,0.1,0.0
TRV,2025-06-30,12116000000.0,3525000000.0,1881000000.0,1509000000.0,0,2144000000.0,138873000000.0,109355000000.0,521000000.0,8034000000.0,0,0,0.3,0.2,0.1,0.1,0.0
TRV,2025-03-31,11810000000.0,2026000000.0,468000000.0,395000000.0,0,755000000.0,135977000000.0,107786000000.0,724000000.0,8033000000.0,0,0,0.2,0.0,0.0,0.0,0.0
TRV,2024-12-31,12013000000.0,4172000000.0,2594000000.0,2082000000.0,0,2855000000.0,133189000000.0,105325000000.0,699000000.0,8033000000.0,0,0,0.3,0.2,0.2,0.1,0.0
DLR,2025-09-30,1577234000.0,871492000.0,138421000.0,67812000.0,0,580410000.0,48728634000.0,23739412000.0,3299703000.0,19510501000.0,0,0,0.6,0.1,0.0,0.0,0.0
DLR,2025-06-30,1493150000.0,831622000.0,211697000.0,1032156000.0,0,1630379000.0,48714995000.0,23853149000.0,3554126000.0,19750233000.0,0,0,0.6,0.1,0.7,0.0,0.0
DLR,2025-03-31,1407637000.0,802313000.0,195750000.0,109974000.0,0,665003000.0,45080562000.0,21902406000.0,2321885000.0,18297851000.0,0,0,0.6,0.1,0.1,0.0,0.0
DLR,2024-12-31,1435862000.0,773173000.0,144322000.0,189569000.0,0,750713000.0,45283616000.0,22107836000.0,3870891000.0,18008596000.0,0,0,0.5,0.1,0.1,0.0,0.0
PAYX,2025-11-30,1557600000.0,1145400000.0,571900000.0,395400000.0,0,697800000.0,16518900000.0,12638800000.0,1536300000.0,5036900000.0,0,0,0.7,0.4,0.3,0.1,0.0
PAYX,2025-08-31,1540000000.0,1126200000.0,541900000.0,383800000.0,0,675000000.0,16663000000.0,12692400000.0,809000000.0,5021600000.0,0,0,0.7,0.4,0.2,0.1,0.0
PAYX,2025-05-31,1427300000.0,1033400000.0,431100000.0,297200000.0,0,538700000.0,16564100000.0,12436100000.0,1628600000.0,5022300000.0,0,0,0.7,0.3,0.2,0.1,0.0
PAYX,2025-02-28,1509000000.0,1121600000.0,691800000.0,519300000.0,0,751500000.0,11221600000.0,7105000000.0,1563800000.0,863700000.0,0,0,0.7,0.5,0.3,0.1,0.0
NXPI,2025-09-30,3173000000.0,1787000000.0,893000000.0,631000000.0,0,1094000000.0,26354000000.0,15927000000.0,3454000000.0,12235000000.0,0,0,0.6,0.3,0.2,0.1,0.0
NXPI,2025-06-30,2926000000.0,1562000000.0,687000000.0,445000000.0,0,923000000.0,25250000000.0,15314000000.0,2868000000.0,10728000000.0,0,0,0.5,0.2,0.2,0.0,0.0
NXPI,2025-03-31,2835000000.0,1560000000.0,723000000.0,490000000.0,0,946000000.0,25180000000.0,15503000000.0,3713000000.0,11725000000.0,0,0,0.6,0.3,0.2,0.1,0.0
NXPI,2024-12-31,3111000000.0,1678000000.0,675000000.0,495000000.0,0,675000000.0,24385000000.0,14854000000.0,3031000000.0,10854000000.0,0,0,0.5,0.2,0.2,0.1,0.0
FCX,2025-09-30,6972000000.0,2087000000.0,1956000000.0,674000000.0,0,2648000000.0,56828000000.0,26431000000.0,4548000000.0,9298000000.0,0,0,0.3,0.3,0.1,0.0,0.0
FCX,2025-06-30,7582000000.0,2586000000.0,2432000000.0,772000000.0,0,3141000000.0,56492000000.0,26496000000.0,4020000000.0,9251000000.0,0,0,0.3,0.3,0.1,0.0,0.0
FCX,2025-03-31,5554000000.0,1255000000.0,1091000000.0,346000000.0,0,1827000000.0,56022000000.0,26808000000.0,4385000000.0,9404000000.0,0,0,0.2,0.2,0.1,0.0,0.0
FCX,2024-12-31,5880000000.0,1498000000.0,1357000000.0,274000000.0,0,1847000000.0,54848000000.0,26070000000.0,3923000000.0,9738000000.0,0,0,0.3,0.2,0.0,0.0,0.0
SRE,2025-09-30,3184000000.0,821000000.0,627000000.0,95000000.0,0,1697000000.0,106919000000.0,66700000000.0,126000000.0,33593000000.0,0,0,0.3,0.2,0.0,0.0,0.0
SRE,2025-06-30,3000000000.0,749000000.0,584000000.0,473000000.0,0,1310000000.0,99907000000.0,61611000000.0,155000000.0,38590000000.0,0,0,0.2,0.2,0.2,0.0,0.0
SRE,2025-03-31,3798000000.0,1164000000.0,968000000.0,917000000.0,0,1661000000.0,99010000000.0,60808000000.0,1739000000.0,37730000000.0,0,0,0.3,0.3,0.2,0.0,0.0
SRE,2024-12-31,3753000000.0,1244000000.0,1066000000.0,676000000.0,0,1892000000.0,96155000000.0,58367000000.0,1565000000.0,35848000000.0,0,0,0.3,0.3,0.2,0.0,0.0
AEP,2025-09-30,6010400000.0,2827300000.0,1521400000.0,972000000.0,0,2506000000.0,110253500000.0,78713500000.0,1106800000.0,47890000000.0,0,0,0.5,0.3,0.2,0.0,0.0
AEP,2025-06-30,5087600000.0,1764500000.0,1399500000.0,1225800000.0,0,2360600000.0,107778500000.0,76810100000.0,227300000.0,46624600000.0,0,0,0.3,0.3,0.2,0.0,0.0
AEP,2025-03-31,5639200000.0,1879200000.0,1457200000.0,800200000.0,0,2219200000.0,104394600000.0,77030600000.0,256800000.0,46930200000.0,0,0,0.3,0.3,0.1,0.0,0.0
AEP,2024-12-31,4704200000.0,1483500000.0,1098400000.0,664100000.0,0,1989900000.0,103078000000.0,76091900000.0,202900000.0,45762800000.0,0,0,0.3,0.2,0.1,0.0,0.0
PSA,2025-09-30,1224043000.0,893193000.0,864410000.0,511063000.0,0,887660000.0,20114318000.0,10707211000.0,296460000.0,10042822000.0,0,0,0.7,0.7,0.4,0.1,0.0
PSA,2025-06-30,1201094000.0,883089000.0,575159000.0,358419000.0,0,719476000.0,20541453000.0,11065104000.0,1104603000.0,10440279000.0,0,0,0.7,0.5,0.3,0.0,0.0
PSA,2025-03-31,1183184000.0,851337000.0,543438000.0,407791000.0,0,766941000.0,19615446000.0,9945094000.0,287177000.0,9424558000.0,0,0,0.7,0.5,0.3,0.0,0.0
PSA,2024-12-31,1177427000.0,866653000.0,553215000.0,614607000.0,0,970014000.0,19754934000.0,9941282000.0,447416000.0,9353034000.0,0,0,0.7,0.5,0.5,0.1,0.0
AMP,2025-09-30,4874000000.0,2557000000.0,1258000000.0,912000000.0,0,1258000000.0,190086000000.0,183631000000.0,9762000000.0,5885000000.0,0,0,0.5,0.3,0.2,0.1,0.0
AMP,2025-06-30,4375000000.0,-197000000.0,1351000000.0,1060000000.0,0,1406000000.0,184903000000.0,178821000000.0,8381000000.0,6006000000.0,0,0,-0.0,0.3,0.2,0.2,0.0
AMP,2025-03-31,4354000000.0,-207000000.0,687000000.0,583000000.0,0,740000000.0,179059000000.0,173633000000.0,7974000000.0,6177000000.0,0,0,-0.0,0.2,0.1,0.1,0.0
AMP,2024-12-31,4501000000.0,-225000000.0,1352000000.0,1071000000.0,0,1395000000.0,181403000000.0,176175000000.0,8522000000.0,5472000000.0,0,0,-0.0,0.3,0.2,0.2,0.0
GWW,2025-09-30,4657000000.0,1798000000.0,511000000.0,294000000.0,0,577000000.0,8848000000.0,4887000000.0,535000000.0,2718000000.0,0,0,0.4,0.1,0.1,0.1,0.0
GWW,2025-06-30,4554000000.0,1755000000.0,678000000.0,482000000.0,0,745000000.0,8937000000.0,4854000000.0,597000000.0,2729000000.0,0,0,0.4,0.1,0.1,0.1,0.1
GWW,2025-03-31,4306000000.0,1710000000.0,672000000.0,479000000.0,0,739000000.0,8658000000.0,4811000000.0,666000000.0,2679000000.0,0,0,0.4,0.2,0.1,0.1,0.1
GWW,2024-12-31,4233000000.0,1676000000.0,633000000.0,475000000.0,0,701000000.0,8829000000.0,5126000000.0,1036000000.0,3183000000.0,0,0,0.4,0.1,0.1,0.1,0.1
JCI,2025-09-30,6442000000.0,2351000000.0,830000000.0,123000000.0,0,711000000.0,37939000000.0,24985000000.0,379000000.0,9880000000.0,0,0,0.4,0.1,0.0,0.0,0.0
JCI,2025-06-30,6052000000.0,2246000000.0,829000000.0,701000000.0,0,950000000.0,43393000000.0,26348000000.0,731000000.0,10293000000.0,0,0,0.4,0.1,0.1,0.0,0.0
JCI,2025-03-31,5676000000.0,2069000000.0,642000000.0,478000000.0,0,759000000.0,42367000000.0,25335000000.0,795000000.0,9986000000.0,0,0,0.4,0.1,0.1,0.0,0.0
JCI,2024-12-31,5426000000.0,1926000000.0,527000000.0,419000000.0,0,668000000.0,42098000000.0,24968000000.0,1237000000.0,9993000000.0,0,0,0.4,0.1,0.1,0.0,0.0
HWM,2025-09-30,2089000000.0,652000000.0,542000000.0,385000000.0,0,604000000.0,11177000000.0,6034000000.0,659000000.0,3189000000.0,0,0,0.3,0.3,0.2,0.1,0.0
HWM,2025-06-30,2053000000.0,619000000.0,521000000.0,407000000.0,0,576000000.0,11046000000.0,6004000000.0,545000000.0,3428000000.0,0,0,0.3,0.3,0.2,0.1,0.0
HWM,2025-03-31,1942000000.0,583000000.0,490000000.0,344000000.0,0,554000000.0,10772000000.0,5980000000.0,536000000.0,3483000000.0,0,0,0.3,0.3,0.2,0.1,0.0
HWM,2024-12-31,1891000000.0,541000000.0,457000000.0,314000000.0,0,505000000.0,10519000000.0,5965000000.0,564000000.0,3471000000.0,0,0,0.3,0.2,0.2,0.1,0.0
ALL,2025-09-30,17061000000.0,6239000000.0,4819000000.0,3746000000.0,0,5035000000.0,120402000000.0,92913000000.0,931000000.0,8089000000.0,0,0,0.4,0.3,0.2,0.1,0.0
ALL,2025-06-30,16546000000.0,4033000000.0,2703000000.0,2109000000.0,0,2930000000.0,115894000000.0,91889000000.0,995000000.0,8087000000.0,0,0,0.2,0.2,0.1,0.1,0.0
ALL,2025-03-31,16263000000.0,3028000000.0,719000000.0,595000000.0,0,951000000.0,115161000000.0,93109000000.0,840000000.0,8086000000.0,0,0,0.2,0.0,0.0,0.0,0.0
ALL,2024-12-31,16342000000.0,4919000000.0,2449000000.0,1928000000.0,0,2701000000.0,111617000000.0,90250000000.0,704000000.0,8085000000.0,0,0,0.3,0.1,0.1,0.1,0.0
LULU,2025-10-31,2565920000.0,1425916000.0,444693000.0,306835000.0,0,569199000.0,7955192000.0,3453169000.0,1035862000.0,1762794000.0,0,0,0.6,0.2,0.1,0.1,0.0
LULU,2025-07-31,2525219000.0,1477202000.0,523814000.0,370905000.0,0,653266000.0,7523439000.0,3136160000.0,1155794000.0,1762718000.0,0,0,0.6,0.2,0.1,0.1,0.0
LULU,2025-04-30,2370660000.0,1383126000.0,438625000.0,314572000.0,0,553154000.0,7430543000.0,3140973000.0,1325272000.0,1706782000.0,0,0,0.6,0.2,0.1,0.1,0.0
LULU,2025-01-31,3611497000.0,2181952000.0,1042168000.0,748403000.0,0,1175761000.0,7603292000.0,3279245000.0,1984336000.0,1575791000.0,0,0,0.6,0.3,0.2,0.2,0.1
AXON,2025-09-30,710641000.0,427348000.0,-2129000.0,-2186000.0,0,64221000.0,6657365000.0,3629615000.0,1423871000.0,2102028000.0,0,0,0.6,-0.0,-0.0,-0.0,-0.0
AXON,2025-06-30,668538000.0,403743000.0,1064000.0,36117000.0,0,6960000.0,6215256000.0,3482856000.0,615496000.0,2051460000.0,0,0,0.6,0.0,0.1,0.0,0.0
AXON,2025-03-31,603633000.0,365739000.0,-7893000.0,87980000.0,0,135665000.0,6083159000.0,3527306000.0,1092938000.0,2046728000.0,0,0,0.6,-0.0,0.1,0.0,0.0
AXON,2024-12-31,575145000.0,345849000.0,-15655000.0,135184000.0,0,104070000.0,4474588000.0,2146923000.0,454844000.0,1401961000.0,0,0,0.6,-0.0,0.2,0.1,0.0
ROST,2025-10-31,5600946000.0,1568500000.0,648498000.0,511935000.0,0,977334000.0,15414966000.0,9530964000.0,4061173000.0,5188589000.0,0,0,0.3,0.1,0.1,0.1,0.0
ROST,2025-07-31,5529152000.0,1526985000.0,638274000.0,507995000.0,0,888401000.0,14495519000.0,8762950000.0,3847016000.0,5067983000.0,0,0,0.3,0.1,0.1,0.1,0.0
ROST,2025-04-30,4984971000.0,1403605000.0,606470000.0,479249000.0,0,769276000.0,14304616000.0,8728538000.0,3783413000.0,5015669000.0,0,0,0.3,0.1,0.1,0.1,0.0
ROST,2025-01-31,5912279000.0,1568657000.0,731024000.0,586784000.0,0,901761000.0,14905332000.0,9396137000.0,4730744000.0,5682429000.0,0,0,0.3,0.1,0.1,0.1,0.0
URI,2025-09-30,4229000000.0,1556000000.0,1114000000.0,701000000.0,0,1224000000.0,30065000000.0,21065000000.0,512000000.0,15212000000.0,0,0,0.4,0.3,0.2,0.1,0.0
URI,2025-06-30,3943000000.0,1425000000.0,1003000000.0,622000000.0,0,1769000000.0,29206000000.0,20171000000.0,548000000.0,14455000000.0,0,0,0.4,0.3,0.2,0.1,0.0
URI,2025-03-31,3719000000.0,1242000000.0,805000000.0,518000000.0,0,1623000000.0,28050000000.0,19261000000.0,542000000.0,13993000000.0,0,0,0.3,0.2,0.1,0.1,0.0
URI,2024-12-31,4095000000.0,1523000000.0,1087000000.0,689000000.0,0,1851000000.0,28163000000.0,19541000000.0,457000000.0,14789000000.0,0,0,0.4,0.3,0.2,0.1,0.0
COR,2025-09-30,83728554000.0,2953577000.0,18503000.0,-339704000.0,0,149559000.0,76590112000.0,74843027000.0,4356138000.0,7660773000.0,0,0,0.0,0.0,-0.0,-0.2,-0.0
COR,2025-06-30,80663532000.0,2907115000.0,867654000.0,687402000.0,0,1272146000.0,73956905000.0,71976712000.0,2231852000.0,8240486000.0,0,0,0.0,0.0,0.0,0.3,0.0
COR,2025-03-31,75453673000.0,3059809000.0,1036190000.0,717871000.0,0,1324947000.0,71193874000.0,70181037000.0,1978061000.0,7856207000.0,0,0,0.0,0.0,0.0,0.7,0.0
COR,2024-12-31,81487060000.0,2558038000.0,706254000.0,488600000.0,0,963100000.0,69054314000.0,68827734000.0,3224260000.0,8148547000.0,0,0,0.0,0.0,0.0,2.2,0.0
GM,2025-09-30,45049000000.0,3113000000.0,1076000000.0,1327000000.0,0,5740000000.0,288168000000.0,219766000000.0,22910000000.0,132503000000.0,0,0,0.1,0.0,0.0,0.0,0.0
GM,2025-06-30,47121000000.0,4266000000.0,2127000000.0,1895000000.0,0,5614000000.0,289384000000.0,220925000000.0,22381000000.0,135731000000.0,0,0,0.1,0.0,0.0,0.0,0.0
GM,2025-03-31,44020000000.0,5338000000.0,3352000000.0,2784000000.0,0,6658000000.0,282104000000.0,215678000000.0,20570000000.0,132678000000.0,0,0,0.1,0.1,0.1,0.0,0.0
GM,2024-12-31,47702000000.0,4851000000.0,1522000000.0,-2961000000.0,0,891000000.0,279761000000.0,214171000000.0,19872000000.0,130693000000.0,0,0,0.1,0.0,-0.1,-0.0,-0.0
NEM,2025-09-30,5380000000.0,2598000000.0,2459000000.0,1832000000.0,0,3448000000.0,54690000000.0,21279000000.0,5640000000.0,5651000000.0,0,0,0.5,0.5,0.3,0.1,0.0
NEM,2025-06-30,5275000000.0,2510000000.0,2341000000.0,2061000000.0,0,3886000000.0,55165000000.0,22878000000.0,6185000000.0,7607000000.0,0,0,0.5,0.4,0.4,0.1,0.0
NEM,2025-03-31,4871000000.0,2030000000.0,1865000000.0,1891000000.0,0,3236000000.0,55519000000.0,24088000000.0,4698000000.0,7986000000.0,0,0,0.4,0.4,0.4,0.1,0.0
NEM,2024-12-31,5724000000.0,2558000000.0,2339000000.0,1403000000.0,0,2804000000.0,56349000000.0,26240000000.0,3619000000.0,8972000000.0,0,0,0.4,0.4,0.2,0.0,0.0
CHTR,2025-09-30,13672000000.0,6323000000.0,3250000000.0,1137000000.0,0,5162000000.0,152850000000.0,133262000000.0,464000000.0,95700000000.0,0,0,0.5,0.2,0.1,0.1,0.0
CHTR,2025-06-30,13766000000.0,6392000000.0,3360000000.0,1301000000.0,0,5348000000.0,151589000000.0,131221000000.0,606000000.0,96283000000.0,0,0,0.5,0.2,0.1,0.1,0.0
CHTR,2025-03-31,13735000000.0,6378000000.0,3360000000.0,1217000000.0,0,5276000000.0,150954000000.0,130432000000.0,796000000.0,95557000000.0,0,0,0.5,0.2,0.1,0.1,0.0
CHTR,2024-12-31,13926000000.0,8854000000.0,3454000000.0,1466000000.0,0,5488000000.0,150020000000.0,130313000000.0,459000000.0,95763000000.0,0,0,0.6,0.2,0.1,0.1,0.0
CMI,2025-09-30,8317000000.0,2129000000.0,995000000.0,536000000.0,0,1190000000.0,33638000000.0,20540000000.0,2566000000.0,8317000000.0,0,0,0.3,0.1,0.1,0.0,0.0
CMI,2025-06-30,8643000000.0,2281000000.0,1226000000.0,890000000.0,0,1591000000.0,34259000000.0,21386000000.0,2319000000.0,8684000000.0,0,0,0.3,0.1,0.1,0.1,0.0
CMI,2025-03-31,8174000000.0,2155000000.0,1134000000.0,824000000.0,0,1463000000.0,32531000000.0,20560000000.0,1532000000.0,8035000000.0,0,0,0.3,0.1,0.1,0.1,0.0
CMI,2024-12-31,8447000000.0,2034000000.0,732000000.0,418000000.0,0,1022000000.0,31540000000.0,20232000000.0,1671000000.0,7598000000.0,0,0,0.2,0.1,0.0,0.0,0.0
PSX,2025-09-30,34979000000.0,1691000000.0,199000000.0,133000000.0,0,1284000000.0,76116000000.0,48039000000.0,1845000000.0,21755000000.0,0,0,0.0,0.0,0.0,0.0,0.0
PSX,2025-06-30,33323000000.0,1980000000.0,1180000000.0,877000000.0,0,2210000000.0,75942000000.0,47315000000.0,1052000000.0,20935000000.0,0,0,0.1,0.0,0.0,0.0,0.0
PSX,2025-03-31,30495000000.0,586000000.0,-166000000.0,487000000.0,0,1672000000.0,71838000000.0,43485000000.0,1489000000.0,18803000000.0,0,0,0.0,-0.0,0.0,0.0,0.0
PSX,2024-12-31,33714000000.0,612000000.0,39000000.0,8000000.0,0,1039000000.0,72582000000.0,44119000000.0,1738000000.0,20062000000.0,0,0,0.0,0.0,0.0,0.0,0.0
FANG,2025-09-30,3924000000.0,1359000000.0,1236000000.0,1018000000.0,0,2744000000.0,76213000000.0,30579000000.0,159000000.0,16242000000.0,0,0,0.3,0.3,0.3,0.0,0.0
FANG,2025-06-30,3651000000.0,1264000000.0,1139000000.0,699000000.0,0,2256000000.0,71941000000.0,29122000000.0,219000000.0,15133000000.0,0,0,0.3,0.3,0.2,0.0,0.0
FANG,2025-03-31,4031000000.0,1814000000.0,1673000000.0,1405000000.0,0,3022000000.0,70066000000.0,28323000000.0,1816000000.0,13910000000.0,0,0,0.5,0.4,0.3,0.0,0.0
FANG,2024-12-31,3696000000.0,1520000000.0,1412000000.0,1074000000.0,0,2762000000.0,67292000000.0,27430000000.0,161000000.0,12429000000.0,0,0,0.4,0.4,0.3,0.0,0.0
O,2025-09-30,1470552000.0,1363931000.0,674093000.0,315771000.0,0,973479000.0,71278982000.0,32018761000.0,417173000.0,28897748000.0,0,0,0.9,0.5,0.2,0.0,0.0
O,2025-06-30,1410378000.0,1302956000.0,604669000.0,196919000.0,0,1147952000.0,71424073000.0,32060738000.0,800447000.0,28874505000.0,0,0,0.9,0.4,0.1,0.0,0.0
O,2025-03-31,1380505000.0,1273824000.0,620845000.0,249815000.0,0,1139085000.0,69757696000.0,30515509000.0,319007000.0,27541294000.0,0,0,0.9,0.4,0.2,0.0,0.0
O,2024-12-31,1340299000.0,1243990000.0,588205000.0,199612000.0,0,1090690000.0,68835039000.0,29783353000.0,444962000.0,26757140000.0,0,0,0.9,0.4,0.1,0.0,0.0
MNST,2025-09-30,2197139000.0,1224486000.0,675352000.0,524455000.0,0,704970000.0,9611273000.0,1866113000.0,2292939000.0,0.0,0,0,0.6,0.3,0.2,0.1,0.1
MNST,2025-06-30,2111593000.0,1176413000.0,631622000.0,488794000.0,0,659179000.0,8729888000.0,1538584000.0,1926927000.0,65483000.0,0,0,0.6,0.3,0.2,0.1,0.1
MNST,2025-03-31,1854558000.0,1047962000.0,569745000.0,442993000.0,0,606865000.0,8227028000.0,1707589000.0,1903419000.0,199059000.0,0,0,0.6,0.3,0.2,0.1,0.1
MNST,2024-12-31,1812041000.0,1002445000.0,381224000.0,270711000.0,0,401836000.0,7719089000.0,1761371000.0,1533287000.0,373951000.0,0,0,0.6,0.2,0.1,0.0,0.0
NDAQ,2025-09-30,1958000000.0,870000000.0,586000000.0,423000000.0,0,771000000.0,30654000000.0,18624000000.0,470000000.0,9552000000.0,0,0,0.4,0.3,0.2,0.0,0.0
NDAQ,2025-06-30,2090000000.0,861000000.0,568000000.0,452000000.0,0,798000000.0,30383000000.0,18565000000.0,732000000.0,9631000000.0,0,0,0.4,0.3,0.2,0.0,0.0
NDAQ,2025-03-31,2090000000.0,816000000.0,547000000.0,395000000.0,0,736000000.0,30647000000.0,19092000000.0,690000000.0,9719000000.0,0,0,0.4,0.3,0.2,0.0,0.0
NDAQ,2024-12-31,2030000000.0,811000000.0,517000000.0,355000000.0,0,689000000.0,30395000000.0,19195000000.0,592000000.0,9868000000.0,0,0,0.4,0.3,0.2,0.0,0.0
MPC,2025-09-30,34809000000.0,2768000000.0,1673000000.0,1370000000.0,0,3585000000.0,83240000000.0,59351000000.0,2654000000.0,34203000000.0,0,0,0.1,0.0,0.0,0.1,0.0
MPC,2025-06-30,33799000000.0,2985000000.0,1895000000.0,1216000000.0,0,3010000000.0,78484000000.0,55220000000.0,1673000000.0,30035000000.0,0,0,0.1,0.1,0.0,0.1,0.0
MPC,2025-03-31,31517000000.0,1364000000.0,687000000.0,-74000000.0,0,1510000000.0,81633000000.0,58568000000.0,3812000000.0,32137000000.0,0,0,0.0,0.0,-0.0,-0.0,-0.0
MPC,2024-12-31,33137000000.0,1753000000.0,812000000.0,371000000.0,0,2066000000.0,78858000000.0,54352000000.0,3210000000.0,28758000000.0,0,0,0.1,0.0,0.0,0.0,0.0
MSCI,2025-09-30,793426000.0,660898000.0,447690000.0,325386000.0,0,496868000.0,5389140000.0,7305115000.0,400089000.0,5619513000.0,0,0,0.8,0.6,0.4,0.0,0.1
MSCI,2025-06-30,772679000.0,635012000.0,425234000.0,303650000.0,0,429409000.0,5373676000.0,6259884000.0,343683000.0,4655509000.0,0,0,0.8,0.6,0.4,0.0,0.1
MSCI,2025-03-31,745826000.0,609036000.0,377023000.0,288600000.0,0,432111000.0,5344374000.0,6302944000.0,357106000.0,4691349000.0,0,0,0.8,0.5,0.4,0.0,0.1
MSCI,2024-12-31,743509000.0,611942000.0,405194000.0,305515000.0,0,461588000.0,5445439000.0,6385436000.0,405854000.0,4656820000.0,0,0,0.8,0.5,0.4,0.0,0.1
D,2025-09-30,4527000000.0,2514000000.0,1339000000.0,1006000000.0,0,2380000000.0,111597000000.0,79871000000.0,1066000000.0,48549000000.0,0,0,0.6,0.3,0.2,0.0,0.0
D,2025-06-30,3810000000.0,1920000000.0,1096000000.0,760000000.0,0,2194000000.0,107441000000.0,76569000000.0,344000000.0,46361000000.0,0,0,0.5,0.3,0.2,0.0,0.0
D,2025-03-31,4076000000.0,2060000000.0,1223000000.0,646000000.0,0,1929000000.0,104555000000.0,73833000000.0,355000000.0,44103000000.0,0,0,0.5,0.3,0.2,0.0,0.0
D,2024-12-31,3400000000.0,1502000000.0,391000000.0,-76000000.0,0,1621000000.0,102415000000.0,72223000000.0,310000000.0,41750000000.0,0,0,0.4,0.1,-0.0,-0.0,-0.0
AIG,2025-09-30,6402000000.0,2161000000.0,714000000.0,519000000.0,0,1644000000.0,163415000000.0,122298000000.0,1589000000.0,9087000000.0,0,0,0.3,0.1,0.1,0.0,0.0
AIG,2025-06-30,7041000000.0,2701000000.0,1544000000.0,1144000000.0,0,2527000000.0,165971000000.0,124442000000.0,1825000000.0,9258000000.0,0,0,0.4,0.2,0.2,0.0,0.0
AIG,2025-03-31,6774000000.0,2155000000.0,960000000.0,698000000.0,0,1918000000.0,161864000000.0,120405000000.0,1393000000.0,8596000000.0,0,0,0.3,0.1,0.1,0.0,0.0
AIG,2024-12-31,7173000000.0,2477000000.0,1542000000.0,898000000.0,0,2645000000.0,161322000000.0,118772000000.0,1302000000.0,8922000000.0,0,0,0.3,0.2,0.1,0.0,0.0
FICO,2025-09-30,515751000.0,424575000.0,237156000.0,155014000.0,0,246362000.0,1868133000.0,3613917000.0,134136000.0,3074878000.0,0,0,0.8,0.5,0.3,0.0,0.1
FICO,2025-06-30,536415000.0,448844000.0,262518000.0,181789000.0,0,273871000.0,1862023000.0,3259469000.0,189049000.0,2800678000.0,0,0,0.8,0.5,0.3,0.0,0.1
FICO,2025-03-31,498735000.0,411105000.0,245648000.0,162615000.0,0,247809000.0,1835753000.0,2959805000.0,146641000.0,2548995000.0,0,0,0.8,0.5,0.3,0.0,0.1
FICO,2024-12-31,439968000.0,352623000.0,179528000.0,152528000.0,0,183152000.0,1706608000.0,2844772000.0,184254000.0,2441981000.0,0,0,0.8,0.4,0.3,0.0,0.1
BKR,2025-09-30,7010000000.0,1701000000.0,948000000.0,609000000.0,0,1159000000.0,39233000000.0,20905000000.0,2693000000.0,6056000000.0,0,0,0.2,0.1,0.1,0.0,0.0
BKR,2025-06-30,6910000000.0,1615000000.0,887000000.0,701000000.0,0,1314000000.0,38740000000.0,20872000000.0,3087000000.0,6034000000.0,0,0,0.2,0.1,0.1,0.0,0.0
BKR,2025-03-31,6427000000.0,1475000000.0,752000000.0,402000000.0,0,897000000.0,38110000000.0,20904000000.0,3277000000.0,6024000000.0,0,0,0.2,0.1,0.1,0.0,0.0
BKR,2024-12-31,7364000000.0,1530000000.0,665000000.0,1179000000.0,0,1139000000.0,38363000000.0,21308000000.0,3364000000.0,6023000000.0,0,0,0.2,0.1,0.2,0.1,0.0
DHI,2025-09-30,9677800000.0,2096700000.0,1125800000.0,905300000.0,0,1232200000.0,35471200000.0,10729000000.0,2985400000.0,6031100000.0,0,0,0.2,0.1,0.1,0.0,0.0
DHI,2025-06-30,9225600000.0,2209100000.0,1264800000.0,1024600000.0,0,1383300000.0,36395900000.0,11802900000.0,2614000000.0,7301800000.0,0,0,0.2,0.1,0.1,0.0,0.0
DHI,2025-03-31,7734000000.0,1900200000.0,1001500000.0,810400000.0,0,1091700000.0,35690000000.0,10831300000.0,2471400000.0,6569700000.0,0,0,0.2,0.1,0.1,0.0,0.0
DHI,2024-12-31,7613000000.0,1910200000.0,1032100000.0,844900000.0,0,1134000000.0,35029700000.0,9566800000.0,3050100000.0,5150000000.0,0,0,0.3,0.1,0.1,0.0,0.0
CTVA,2025-09-30,2618000000.0,974000000.0,-308000000.0,-320000000.0,0,-24000000.0,42198000000.0,16737000000.0,2509000000.0,4373000000.0,0,0,0.4,-0.1,-0.1,-0.0,-0.0
CTVA,2025-06-30,6456000000.0,3524000000.0,1832000000.0,1314000000.0,0,2157000000.0,41759000000.0,15608000000.0,2065000000.0,3629000000.0,0,0,0.5,0.3,0.2,0.1,0.0
CTVA,2025-03-31,4417000000.0,2075000000.0,827000000.0,652000000.0,0,1116000000.0,42123000000.0,17596000000.0,2008000000.0,4083000000.0,0,0,0.5,0.2,0.1,0.0,0.0
CTVA,2024-12-31,3978000000.0,1482000000.0,327000000.0,-41000000.0,0,450000000.0,40825000000.0,16795000000.0,3106000000.0,2703000000.0,0,0,0.4,0.1,-0.0,-0.0,-0.0
PWR,2025-09-30,7505141000.0,1090167000.0,517217000.0,339420000.0,0,834964000.0,22743766000.0,14339980000.0,610387000.0,6018080000.0,0,0,0.1,0.1,0.0,0.0,0.0
PWR,2025-06-30,6773007000.0,894396000.0,390640000.0,229250000.0,0,590105000.0,19891264000.0,12022490000.0,509460000.0,5107390000.0,0,0,0.1,0.1,0.0,0.0,0.0
PWR,2025-03-31,6233334000.0,724475000.0,244284000.0,144258000.0,0,450837000.0,19134546000.0,11662174000.0,520561000.0,4747753000.0,0,0,0.1,0.0,0.0,0.0,0.0
PWR,2024-12-31,6553422000.0,947554000.0,445907000.0,305120000.0,0,685312000.0,18683894000.0,11354177000.0,741960000.0,4478957000.0,0,0,0.1,0.1,0.0,0.0,0.0
KR,2025-10-31,33859000000.0,7120000000.0,-1541000000.0,-1320000000.0,0,-862000000.0,51440000000.0,44401000000.0,3956000000.0,25199000000.0,0,0,0.2,-0.0,-0.0,-0.2,-0.0
KR,2025-07-31,33940000000.0,7810000000.0,863000000.0,609000000.0,0,1828000000.0,53590000000.0,44313000000.0,4883000000.0,25178000000.0,0,0,0.2,0.0,0.0,0.1,0.0
KR,2025-04-30,45118000000.0,10567000000.0,1322000000.0,866000000.0,0,2537000000.0,53248000000.0,44340000000.0,4738000000.0,25208000000.0,0,0,0.2,0.0,0.0,0.1,0.0
KR,2025-01-31,34308000000.0,7920000000.0,912000000.0,634000000.0,0,1790000000.0,52616000000.0,44335000000.0,3959000000.0,25082000000.0,0,0,0.2,0.0,0.0,0.1,0.0
GLW,2025-09-30,4100000000.0,1520000000.0,589000000.0,430000000.0,0,955000000.0,29916000000.0,17911000000.0,1648000000.0,9185000000.0,0,0,0.4,0.1,0.1,0.0,0.0
GLW,2025-06-30,3862000000.0,1392000000.0,573000000.0,469000000.0,0,1007000000.0,28745000000.0,17200000000.0,1491000000.0,8499000000.0,0,0,0.4,0.1,0.1,0.0,0.0
GLW,2025-03-31,3452000000.0,1214000000.0,445000000.0,157000000.0,0,641000000.0,27394000000.0,16266000000.0,1359000000.0,8153000000.0,0,0,0.4,0.1,0.0,0.0,0.0
GLW,2024-12-31,3501000000.0,1197000000.0,393000000.0,310000000.0,0,851000000.0,27735000000.0,16665000000.0,1768000000.0,8091000000.0,0,0,0.3,0.1,0.1,0.0,0.0
CBRE,2025-09-30,10258000000.0,1990000000.0,481000000.0,363000000.0,0,670000000.0,28566000000.0,19273000000.0,1669000000.0,8063000000.0,0,0,0.2,0.0,0.0,0.0,0.0
CBRE,2025-06-30,9753000000.0,9135000000.0,374000000.0,215000000.0,0,537000000.0,27693000000.0,18700000000.0,1395000000.0,9540000000.0,0,0,0.9,0.0,0.0,0.0,0.0
CBRE,2025-03-31,8910000000.0,1645000000.0,276000000.0,163000000.0,0,501000000.0,26366000000.0,17362000000.0,1382000000.0,8863000000.0,0,0,0.2,0.0,0.0,0.0,0.0
CBRE,2024-12-31,10404000000.0,2149000000.0,594000000.0,487000000.0,0,705000000.0,24383000000.0,15191000000.0,1114000000.0,5694000000.0,0,0,0.2,0.1,0.0,0.1,0.0
TEL,2025-09-30,4576000000.0,1465000000.0,744000000.0,663000000.0,0,1170000000.0,25081000000.0,12351000000.0,1255000000.0,5694000000.0,0,0,0.3,0.2,0.1,0.1,0.0
TEL,2025-06-30,4534000000.0,1600000000.0,898000000.0,638000000.0,0,1090000000.0,24866000000.0,12342000000.0,672000000.0,5697000000.0,0,0,0.4,0.2,0.1,0.1,0.0
TEL,2025-03-31,4143000000.0,1467000000.0,810000000.0,13000000.0,0,961000000.0,23656000000.0,11439000000.0,2554000000.0,5614000000.0,0,0,0.4,0.2,0.0,0.0,0.0
TEL,2024-12-31,3836000000.0,1374000000.0,759000000.0,528000000.0,0,898000000.0,22441000000.0,9908000000.0,1254000000.0,4205000000.0,0,0,0.4,0.2,0.1,0.0,0.0
FIS,2025-09-30,2935000000.0,1246000000.0,457000000.0,264000000.0,0,942000000.0,33042000000.0,19180000000.0,571000000.0,13068000000.0,0,0,0.4,0.2,0.1,0.0,0.0
FIS,2025-06-30,2616000000.0,952000000.0,560000000.0,-470000000.0,0,731000000.0,33373000000.0,19201000000.0,581000000.0,12972000000.0,0,0,0.4,0.2,-0.2,-0.0,-0.0
FIS,2025-03-31,2532000000.0,879000000.0,347000000.0,77000000.0,0,766000000.0,32841000000.0,17773000000.0,805000000.0,12087000000.0,0,0,0.3,0.1,0.0,0.0,0.0
FIS,2024-12-31,2599000000.0,976000000.0,494000000.0,281000000.0,0,1101000000.0,33784000000.0,18084000000.0,834000000.0,11541000000.0,0,0,0.4,0.2,0.1,0.0,0.0
OXY,2025-09-30,6624000000.0,2161000000.0,1174000000.0,830000000.0,0,3497000000.0,83472000000.0,46706000000.0,2159000000.0,22876000000.0,0,0,0.3,0.2,0.1,0.0,0.0
OXY,2025-06-30,6317000000.0,1907000000.0,857000000.0,431000000.0,0,2950000000.0,84360000000.0,48184000000.0,2326000000.0,24174000000.0,0,0,0.3,0.1,0.1,0.0,0.0
OXY,2025-03-31,6910000000.0,2507000000.0,1584000000.0,931000000.0,0,3567000000.0,84967000000.0,49862000000.0,2612000000.0,25987000000.0,0,0,0.4,0.2,0.1,0.0,0.0
OXY,2024-12-31,6924000000.0,2413000000.0,1361000000.0,-125000000.0,0,2135000000.0,85445000000.0,50965000000.0,2132000000.0,27104000000.0,0,0,0.3,0.2,-0.0,-0.0,-0.0
KDP,2025-09-30,4306000000.0,2340000000.0,995000000.0,662000000.0,0,1246000000.0,54605000000.0,29281000000.0,516000000.0,17550000000.0,0,0,0.5,0.2,0.2,0.0,0.0
KDP,2025-06-30,4163000000.0,2255000000.0,898000000.0,547000000.0,0,1083000000.0,54368000000.0,29383000000.0,509000000.0,17609000000.0,0,0,0.5,0.2,0.1,0.0,0.0
KDP,2025-03-31,3635000000.0,1985000000.0,801000000.0,517000000.0,0,971000000.0,53699000000.0,29252000000.0,653000000.0,17638000000.0,0,0,0.5,0.2,0.1,0.0,0.0
KDP,2024-12-31,4070000000.0,2277000000.0,63000000.0,-144000000.0,0,276000000.0,53430000000.0,29187000000.0,510000000.0,17274000000.0,0,0,0.6,0.0,-0.0,-0.0,-0.0
DAL,2025-09-30,16673000000.0,3914000000.0,1684000000.0,1417000000.0,0,3169000000.0,79623000000.0,60801000000.0,3791000000.0,21721000000.0,0,0,0.2,0.1,0.1,0.1,0.0
DAL,2025-06-30,16648000000.0,5038000000.0,2102000000.0,2130000000.0,0,3348000000.0,78395000000.0,60955000000.0,3331000000.0,21280000000.0,0,0,0.3,0.1,0.1,0.1,0.0
DAL,2025-03-31,14040000000.0,3013000000.0,569000000.0,240000000.0,0,1106000000.0,77342000000.0,61895000000.0,3711000000.0,22280000000.0,0,0,0.2,0.0,0.0,0.0,0.0
DAL,2024-12-31,15559000000.0,4444000000.0,1717000000.0,843000000.0,0,2017000000.0,75372000000.0,60079000000.0,3069000000.0,22771000000.0,0,0,0.3,0.1,0.1,0.1,0.0
A,2025-10-31,1861000000.0,964000000.0,443000000.0,434000000.0,0,540000000.0,12727000000.0,5986000000.0,1789000000.0,3354000000.0,0,0,0.5,0.2,0.2,0.1,0.0
A,2025-07-31,1738000000.0,914000000.0,360000000.0,336000000.0,0,466000000.0,12226000000.0,5856000000.0,1535000000.0,3409000000.0,0,0,0.5,0.2,0.2,0.1,0.0
A,2025-04-30,1668000000.0,866000000.0,300000000.0,215000000.0,0,362000000.0,12158000000.0,6022000000.0,1486000000.0,3495000000.0,0,0,0.5,0.2,0.1,0.0,0.0
A,2025-01-31,1681000000.0,899000000.0,376000000.0,318000000.0,0,467000000.0,11914000000.0,5887000000.0,1467000000.0,3363000000.0,0,0,0.5,0.2,0.2,0.1,0.0
EW,2025-09-30,1553100000.0,1209600000.0,425100000.0,291100000.0,0,387600000.0,13272200000.0,3067200000.0,2685600000.0,700300000.0,0,0,0.8,0.3,0.2,0.0,0.0
EW,2025-06-30,1532200000.0,1189600000.0,430900000.0,329800000.0,0,400200000.0,13488700000.0,2882200000.0,3272800000.0,702600000.0,0,0,0.8,0.3,0.2,0.0,0.0
EW,2025-03-31,1412700000.0,1111100000.0,394800000.0,358000000.0,0,470500000.0,13022300000.0,2830700000.0,3140600000.0,699400000.0,0,0,0.8,0.3,0.3,0.0,0.0
EW,2024-12-31,1385800000.0,1093600000.0,312600000.0,385600000.0,0,483700000.0,13055300000.0,2992400000.0,3045200000.0,700000000.0,0,0,0.8,0.2,0.3,0.0,0.0
KMB,2025-09-30,4133000000.0,1476000000.0,621000000.0,446000000.0,0,833000000.0,16888000000.0,15556000000.0,617000000.0,7241000000.0,0,0,0.4,0.2,0.1,0.3,0.0
KMB,2025-06-30,4163000000.0,1456000000.0,592000000.0,509000000.0,0,802000000.0,16771000000.0,15368000000.0,634000000.0,7241000000.0,0,0,0.3,0.1,0.1,0.4,0.0
KMB,2025-03-31,4840000000.0,1733000000.0,769000000.0,567000000.0,0,976000000.0,16305000000.0,15081000000.0,563000000.0,7247000000.0,0,0,0.4,0.2,0.1,0.5,0.0
KMB,2024-12-31,4928000000.0,1675000000.0,548000000.0,447000000.0,0,760000000.0,16546000000.0,15571000000.0,1021000000.0,7916000000.0,0,0,0.3,0.1,0.1,0.5,0.0
PRU,2025-09-30,17950000000.0,5537000000.0,1782000000.0,1431000000.0,0,1638000000.0,776302000000.0,741487000000.0,17469000000.0,22051000000.0,0,0,0.3,0.1,0.1,0.0,0.0
PRU,2025-06-30,13804000000.0,4253000000.0,740000000.0,533000000.0,0,1222000000.0,758952000000.0,725836000000.0,16638000000.0,21782000000.0,0,0,0.3,0.1,0.0,0.0,0.0
PRU,2025-03-31,13537000000.0,4215000000.0,920000000.0,707000000.0,0,759000000.0,739262000000.0,707040000000.0,16063000000.0,22389000000.0,0,0,0.3,0.1,0.1,0.0,0.0
PRU,2024-12-31,12645000000.0,3326000000.0,-149000000.0,-57000000.0,0,-96000000.0,735587000000.0,705461000000.0,18497000000.0,21570000000.0,0,0,0.3,-0.0,-0.0,-0.0,-0.0
TRGP,2025-09-30,4201700000.0,978300000.0,884700000.0,475500000.0,0,1225700000.0,24174800000.0,21341000000.0,124100000.0,17431300000.0,0,0,0.2,0.2,0.1,0.2,0.0
TRGP,2025-06-30,4026200000.0,892900000.0,808600000.0,625100000.0,0,1413400000.0,23512800000.0,20801400000.0,113100000.0,16850500000.0,0,0,0.2,0.2,0.2,0.2,0.0
TRGP,2025-03-31,4852800000.0,923800000.0,836100000.0,198800000.0,0,916700000.0,22800300000.0,20227800000.0,151400000.0,16208700000.0,0,0,0.2,0.2,0.0,0.1,0.0
TRGP,2024-12-31,4405300000.0,1104200000.0,700500000.0,351000000.0,0,1080600000.0,22734100000.0,18315900000.0,157300000.0,14265000000.0,0,0,0.3,0.2,0.1,0.1,0.0
AME,2025-09-30,1892641000.0,686136000.0,488380000.0,371416000.0,0,573557000.0,16182257000.0,5655381000.0,439237000.0,2746410000.0,0,0,0.4,0.3,0.2,0.0,0.0
AME,2025-06-30,1778056000.0,635889000.0,461626000.0,358367000.0,0,566727000.0,15266546000.0,4877874000.0,619712000.0,2198699000.0,0,0,0.4,0.3,0.2,0.0,0.0
AME,2025-03-31,1731971000.0,625000000.0,454829000.0,351758000.0,0,454829000.0,14877096000.0,4907150000.0,399001000.0,2169607000.0,0,0,0.4,0.3,0.2,0.0,0.0
AME,2024-12-31,1761602000.0,644749000.0,468981000.0,387257000.0,0,562233000.0,14631169000.0,4975865000.0,373999000.0,2324474000.0,0,0,0.4,0.3,0.2,0.0,0.0
VLO,2025-09-30,32168000000.0,1772000000.0,1509000000.0,1095000000.0,0,2431000000.0,58615000000.0,31869000000.0,4764000000.0,10581000000.0,0,0,0.1,0.0,0.0,0.0,0.0
VLO,2025-06-30,29889000000.0,1221000000.0,997000000.0,714000000.0,0,1897000000.0,59433000000.0,32486000000.0,4537000000.0,10647000000.0,0,0,0.0,0.0,0.0,0.0,0.0
VLO,2025-03-31,30258000000.0,496000000.0,-900000000.0,-595000000.0,0,-89000000.0,59177000000.0,32862000000.0,4634000000.0,10854000000.0,0,0,0.0,-0.0,-0.0,-0.0,-0.0
VLO,2024-12-31,30756000000.0,618000000.0,348000000.0,281000000.0,0,1156000000.0,60143000000.0,32622000000.0,4657000000.0,11540000000.0,0,0,0.0,0.0,0.0,0.0,0.0
FAST,2025-09-30,2133300000.0,965800000.0,441500000.0,335500000.0,0,487200000.0,5116300000.0,1221800000.0,288100000.0,517300000.0,0,0,0.5,0.2,0.2,0.1,0.1
FAST,2025-06-30,2080300000.0,942800000.0,436100000.0,330300000.0,0,483900000.0,5016200000.0,1208800000.0,237800000.0,545200000.0,0,0,0.5,0.2,0.2,0.1,0.1
FAST,2025-03-31,1959400000.0,883900000.0,393900000.0,298700000.0,0,439500000.0,4870900000.0,1180600000.0,231800000.0,495800000.0,0,0,0.5,0.2,0.2,0.1,0.1
FAST,2024-12-31,1824500000.0,818200000.0,344800000.0,262100000.0,0,389200000.0,4698000000.0,1081700000.0,255800000.0,485400000.0,0,0,0.4,0.2,0.1,0.1,0.1
IT,2025-09-30,1524072000.0,1049854000.0,86344000.0,35357000.0,0,136714000.0,7249066000.0,6692514000.0,1430730000.0,2850041000.0,0,0,0.7,0.1,0.0,0.1,0.0
IT,2025-06-30,1686454000.0,1154723000.0,327096000.0,240783000.0,0,380333000.0,8327787000.0,6795161000.0,2197536000.0,2862774000.0,0,0,0.7,0.2,0.1,0.2,0.0
IT,2025-03-31,1534130000.0,1059100000.0,278032000.0,210939000.0,0,331181000.0,8479761000.0,6981907000.0,2091048000.0,2883975000.0,0,0,0.7,0.2,0.1,0.1,0.0
IT,2024-12-31,1715119000.0,1140194000.0,317795000.0,398573000.0,0,426746000.0,8534671000.0,7175502000.0,1933147000.0,2900006000.0,0,0,0.7,0.2,0.2,0.3,0.0
PEG,2025-09-30,3226000000.0,1166000000.0,855000000.0,622000000.0,0,1284000000.0,56913000000.0,39904000000.0,339000000.0,23508000000.0,0,0,0.4,0.3,0.2,0.0,0.0
PEG,2025-06-30,2805000000.0,1125000000.0,817000000.0,585000000.0,0,1330000000.0,56024000000.0,39353000000.0,186000000.0,23433000000.0,0,0,0.4,0.3,0.2,0.0,0.0
PEG,2025-03-31,3222000000.0,1117000000.0,797000000.0,589000000.0,0,1231000000.0,55575000000.0,39205000000.0,894000000.0,23548000000.0,0,0,0.3,0.2,0.2,0.0,0.0
PEG,2024-12-31,2465000000.0,759000000.0,445000000.0,286000000.0,0,745000000.0,54640000000.0,38526000000.0,125000000.0,22888000000.0,0,0,0.3,0.2,0.1,0.0,0.0
GRMN,2025-09-30,1770901000.0,1046487000.0,456803000.0,401615000.0,0,558924000.0,10522878000.0,2044637000.0,2072845000.0,155771000.0,0,0,0.6,0.3,0.2,0.0,0.0
GRMN,2025-06-30,1814564000.0,1067012000.0,472295000.0,400822000.0,0,519400000.0,10324076000.0,2198965000.0,2072208000.0,148608000.0,0,0,0.6,0.3,0.2,0.0,0.0
GRMN,2025-03-31,1535099000.0,884545000.0,332824000.0,332769000.0,0,379122000.0,9787622000.0,1608144000.0,2175515000.0,140235000.0,0,0,0.6,0.2,0.2,0.0,0.0
GRMN,2024-12-31,1822561000.0,1079925000.0,516081000.0,435733000.0,0,562624000.0,9630527000.0,1782129000.0,2079468000.0,134886000.0,0,0,0.6,0.3,0.2,0.1,0.0
CTSH,2025-09-30,5415000000.0,1834000000.0,866000000.0,274000000.0,0,1030000000.0,20134000000.0,5237000000.0,2341000000.0,1170000000.0,0,0,0.3,0.2,0.1,0.0,0.0
CTSH,2025-06-30,5245000000.0,1766000000.0,817000000.0,645000000.0,0,990000000.0,20164000000.0,4876000000.0,1550000000.0,1177000000.0,0,0,0.3,0.2,0.1,0.0,0.0
CTSH,2025-03-31,5115000000.0,1718000000.0,853000000.0,663000000.0,0,1020000000.0,19967000000.0,5068000000.0,1980000000.0,1179000000.0,0,0,0.3,0.2,0.1,0.0,0.0
CTSH,2024-12-31,5082000000.0,1785000000.0,751000000.0,546000000.0,0,902000000.0,19966000000.0,5558000000.0,2231000000.0,1503000000.0,0,0,0.4,0.1,0.1,0.0,0.0
KVUE,2025-09-30,3764000000.0,2226000000.0,629000000.0,398000000.0,0,760000000.0,27248000000.0,16614000000.0,1139000000.0,9109000000.0,0,0,0.6,0.2,0.1,0.0,0.0
KVUE,2025-06-30,3839000000.0,2261000000.0,692000000.0,420000000.0,0,837000000.0,27132000000.0,16402000000.0,1070000000.0,8744000000.0,0,0,0.6,0.2,0.1,0.0,0.0
KVUE,2025-03-31,3741000000.0,2168000000.0,558000000.0,322000000.0,0,701000000.0,26257000000.0,16204000000.0,1057000000.0,8853000000.0,0,0,0.6,0.1,0.1,0.0,0.0
KVUE,2024-12-31,3662000000.0,2070000000.0,483000000.0,293000000.0,0,644000000.0,25601000000.0,15933000000.0,1070000000.0,8719000000.0,0,0,0.6,0.1,0.1,0.0,0.0
VRSK,2025-09-30,768300000.0,538800000.0,345900000.0,225500000.0,0,408300000.0,6241900000.0,5864400000.0,2107900000.0,4888800000.0,0,0,0.7,0.5,0.3,0.6,0.0
VRSK,2025-06-30,772600000.0,543100000.0,354300000.0,253300000.0,0,445700000.0,4794900000.0,4482300000.0,628700000.0,3427800000.0,0,0,0.7,0.5,0.3,0.8,0.1
VRSK,2025-03-31,753000000.0,522200000.0,330100000.0,232300000.0,0,415900000.0,5122100000.0,4998300000.0,1112100000.0,3935200000.0,0,0,0.7,0.4,0.3,1.9,0.0
VRSK,2024-12-31,735600000.0,505100000.0,316300000.0,210300000.0,0,386000000.0,4264700000.0,4159700000.0,291200000.0,3245800000.0,0,0,0.7,0.4,0.3,2.0,0.0
GEHC,2025-09-30,5143000000.0,1990000000.0,653000000.0,446000000.0,0,902000000.0,36127000000.0,25907000000.0,4005000000.0,10744000000.0,0,0,0.4,0.1,0.1,0.0,0.0
GEHC,2025-06-30,5006000000.0,1985000000.0,654000000.0,486000000.0,0,874000000.0,35500000000.0,25547000000.0,3763000000.0,10843000000.0,0,0,0.4,0.1,0.1,0.0,0.0
GEHC,2025-03-31,4777000000.0,2012000000.0,629000000.0,564000000.0,0,939000000.0,33586000000.0,24168000000.0,2473000000.0,9184000000.0,0,0,0.4,0.1,0.1,0.1,0.0
GEHC,2024-12-31,5319000000.0,2275000000.0,801000000.0,720000000.0,0,1085000000.0,33089000000.0,24436000000.0,2890000000.0,9376000000.0,0,0,0.4,0.2,0.1,0.1,0.0
LHX,2025-09-30,5659000000.0,1494000000.0,621000000.0,462000000.0,0,1028000000.0,41014000000.0,21482000000.0,339000000.0,11842000000.0,0,0,0.3,0.1,0.1,0.0,0.0
LHX,2025-06-30,5426000000.0,1158000000.0,584000000.0,458000000.0,0,979000000.0,41240000000.0,21962000000.0,482000000.0,12102000000.0,0,0,0.2,0.1,0.1,0.0,0.0
LHX,2025-03-31,5132000000.0,1173000000.0,559000000.0,386000000.0,0,910000000.0,41248000000.0,22118000000.0,517000000.0,12252000000.0,0,0,0.2,0.1,0.1,0.0,0.0
LHX,2024-12-31,5523000000.0,1203000000.0,609000000.0,453000000.0,0,974000000.0,42001000000.0,22422000000.0,615000000.0,12980000000.0,0,0,0.2,0.1,0.1,0.0,0.0
EXC,2025-09-30,6705000000.0,2888000000.0,1500000000.0,875000000.0,0,2480000000.0,113539000000.0,85426000000.0,2049000000.0,49531000000.0,0,0,0.4,0.2,0.1,0.0,0.0
EXC,2025-06-30,5427000000.0,2210000000.0,927000000.0,391000000.0,0,1894000000.0,111147000000.0,83527000000.0,724000000.0,48844000000.0,0,0,0.4,0.2,0.1,0.0,0.0
EXC,2025-03-31,6714000000.0,2845000000.0,1536000000.0,908000000.0,0,2493000000.0,109484000000.0,81877000000.0,1004000000.0,48270000000.0,0,0,0.4,0.2,0.1,0.0,0.0
EXC,2024-12-31,5471000000.0,2388000000.0,1098000000.0,647000000.0,0,2077000000.0,107784000000.0,80863000000.0,357000000.0,46649000000.0,0,0,0.4,0.2,0.1,0.0,0.0
F,2025-09-30,50534000000.0,4298000000.0,1558000000.0,2447000000.0,0,3661000000.0,300990000000.0,253573000000.0,26788000000.0,164280000000.0,0,0,0.1,0.0,0.0,0.1,0.0
F,2025-06-30,50184000000.0,3217000000.0,511000000.0,-36000000.0,0,2272000000.0,292725000000.0,247644000000.0,23020000000.0,160239000000.0,0,0,0.1,0.0,-0.0,-0.0,-0.0
F,2025-03-31,40659000000.0,2750000000.0,319000000.0,471000000.0,0,2310000000.0,284539000000.0,239879000000.0,20864000000.0,157783000000.0,0,0,0.1,0.0,0.0,0.0,0.0
F,2024-12-31,48211000000.0,4008000000.0,1231000000.0,1824000000.0,0,4056000000.0,285196000000.0,240338000000.0,22935000000.0,160862000000.0,0,0,0.1,0.0,0.0,0.0,0.0
ODFL,2025-09-30,1406511000.0,468872000.0,360844000.0,270947000.0,0,453067000.0,5516631000.0,1253435000.0,46592000.0,84993000.0,0,0,0.3,0.3,0.2,0.1,0.0
ODFL,2025-06-30,1407724000.0,455173000.0,357895000.0,268626000.0,0,447885000.0,5551096000.0,1320465000.0,24057000.0,169992000.0,0,0,0.3,0.3,0.2,0.1,0.0
ODFL,2025-03-31,1374858000.0,450086000.0,338055000.0,254660000.0,0,427778000.0,5491294000.0,1255970000.0,97198000.0,59990000.0,0,0,0.3,0.2,0.2,0.1,0.0
ODFL,2024-12-31,1385829000.0,466314000.0,334020000.0,263144000.0,0,424010000.0,5491395000.0,1246807000.0,108676000.0,59987000.0,0,0,0.3,0.2,0.2,0.1,0.0
CCI,2025-09-30,1072000000.0,792000000.0,525000000.0,323000000.0,0,695000000.0,31501000000.0,32994000000.0,233000000.0,29843000000.0,0,0,0.7,0.5,0.3,0.0,0.0
CCI,2025-06-30,1060000000.0,782000000.0,506000000.0,291000000.0,0,679000000.0,31636000000.0,33018000000.0,94000000.0,29566000000.0,0,0,0.7,0.5,0.3,0.0,0.0
CCI,2025-03-31,1061000000.0,793000000.0,521000000.0,-464000000.0,0,694000000.0,31760000000.0,33013000000.0,60000000.0,29675000000.0,0,0,0.7,0.5,-0.4,0.0,-0.0
CCI,2024-12-31,1649000000.0,1185000000.0,-4505000000.0,-4768000000.0,0,-4094000000.0,32736000000.0,32869000000.0,119000000.0,29613000000.0,0,0,0.7,-2.7,-2.9,0.0,-0.1
XEL,2025-09-30,3915000000.0,2059000000.0,749000000.0,524000000.0,0,1667000000.0,79154000000.0,57973000000.0,1052000000.0,34636000000.0,0,0,0.5,0.2,0.1,0.0,0.0
XEL,2025-06-30,3287000000.0,1559000000.0,577000000.0,444000000.0,0,1459000000.0,75337000000.0,54376000000.0,1454000000.0,33326000000.0,0,0,0.5,0.2,0.1,0.0,0.0
XEL,2025-03-31,3906000000.0,1685000000.0,677000000.0,483000000.0,0,1494000000.0,72749000000.0,52945000000.0,1123000000.0,32326000000.0,0,0,0.4,0.2,0.1,0.0,0.0
XEL,2024-12-31,3120000000.0,1288000000.0,347000000.0,464000000.0,0,1199000000.0,70035000000.0,50513000000.0,179000000.0,30208000000.0,0,0,0.4,0.1,0.1,0.0,0.0
OTIS,2025-09-30,3690000000.0,1133000000.0,586000000.0,374000000.0,0,626000000.0,10771000000.0,16057000000.0,840000000.0,8488000000.0,0,0,0.3,0.2,0.1,0.0,0.0
OTIS,2025-06-30,3595000000.0,1094000000.0,575000000.0,393000000.0,0,591000000.0,10495000000.0,15699000000.0,688000000.0,8124000000.0,0,0,0.3,0.2,0.1,0.0,0.0
OTIS,2025-03-31,3350000000.0,1022000000.0,445000000.0,243000000.0,0,453000000.0,11178000000.0,16169000000.0,1918000000.0,8725000000.0,0,0,0.3,0.1,0.1,0.0,0.0
OTIS,2024-12-31,3675000000.0,1101000000.0,564000000.0,337000000.0,0,579000000.0,11316000000.0,16044000000.0,2300000000.0,8742000000.0,0,0,0.3,0.2,0.1,0.0,0.0
IR,2025-09-30,1955000000.0,855200000.0,375500000.0,244100000.0,0,509000000.0,18190200000.0,8000500000.0,1176600000.0,4852300000.0,0,0,0.4,0.2,0.1,0.0,0.0
IR,2025-06-30,1887900000.0,824900000.0,76400000.0,-115300000.0,0,211300000.0,18059100000.0,7901700000.0,1310600000.0,4846800000.0,0,0,0.4,0.0,-0.1,-0.0,-0.0
IR,2025-03-31,1716800000.0,765500000.0,302500000.0,186500000.0,0,434300000.0,18379400000.0,7825700000.0,1612800000.0,4834400000.0,0,0,0.4,0.2,0.1,0.0,0.0
IR,2024-12-31,1898600000.0,815400000.0,378800000.0,229800000.0,0,510500000.0,18009800000.0,7764500000.0,1541200000.0,3100000.0,0,0,0.4,0.2,0.1,0.0,0.0
CCL,2025-11-30,6330000000.0,1693000000.0,734000000.0,422000000.0,0,1445000000.0,51687000000.0,39404000000.0,1928000000.0,27993000000.0,0,0,0.3,0.1,0.1,0.0,0.0
CCL,2025-08-31,8153000000.0,3768000000.0,2271000000.0,1852000000.0,0,2870000000.0,50831000000.0,38903000000.0,1763000000.0,27860000000.0,0,0,0.5,0.3,0.2,0.2,0.0
CCL,2025-05-31,6328000000.0,2442000000.0,934000000.0,565000000.0,0,1615000000.0,51165000000.0,41157000000.0,2146000000.0,28648000000.0,0,0,0.4,0.1,0.1,0.1,0.0
CCL,2025-02-28,5810000000.0,2044000000.0,543000000.0,-78000000.0,0,957000000.0,48535000000.0,39352000000.0,833000000.0,28391000000.0,0,0,0.4,0.1,-0.0,-0.0,-0.0
IQV,2025-09-30,4100000000.0,1373000000.0,553000000.0,331000000.0,0,883000000.0,28727000000.0,22439000000.0,1814000000.0,15190000000.0,0,0,0.3,0.1,0.1,0.1,0.0
IQV,2025-06-30,4017000000.0,1323000000.0,506000000.0,266000000.0,0,781000000.0,28632000000.0,22846000000.0,2039000000.0,15700000000.0,0,0,0.3,0.1,0.1,0.0,0.0
IQV,2025-03-31,3829000000.0,1298000000.0,496000000.0,249000000.0,0,753000000.0,27322000000.0,21337000000.0,1740000000.0,14507000000.0,0,0,0.3,0.1,0.1,0.0,0.0
IQV,2024-12-31,3958000000.0,1378000000.0,626000000.0,437000000.0,0,1018000000.0,26899000000.0,20832000000.0,1702000000.0,14156000000.0,0,0,0.3,0.2,0.1,0.1,0.0
YUM,2025-09-30,1980000000.0,931000000.0,666000000.0,397000000.0,0,715000000.0,7193000000.0,14697000000.0,1045000000.0,11554000000.0,0,0,0.5,0.3,0.2,0.0,0.1
YUM,2025-06-30,1932000000.0,905000000.0,622000000.0,374000000.0,0,666000000.0,6917000000.0,14597000000.0,677000000.0,12315000000.0,0,0,0.5,0.3,0.2,0.0,0.1
YUM,2025-03-31,1787000000.0,837000000.0,548000000.0,253000000.0,0,594000000.0,6659000000.0,14463000000.0,607000000.0,11357000000.0,0,0,0.5,0.3,0.1,0.0,0.0
YUM,2024-12-31,2362000000.0,1049000000.0,657000000.0,423000000.0,0,714000000.0,6727000000.0,14375000000.0,616000000.0,12286000000.0,0,0,0.4,0.3,0.2,0.0,0.1
VMC,2025-09-30,2282800000.0,688500000.0,543300000.0,379200000.0,0,973100000.0,16978500000.0,8221400000.0,191300000.0,4929900000.0,0,0,0.3,0.2,0.2,0.0,0.0
VMC,2025-06-30,2102400000.0,625200000.0,471000000.0,320900000.0,0,658800000.0,16974700000.0,8545000000.0,347400000.0,5445800000.0,0,0,0.3,0.2,0.2,0.0,0.0
VMC,2025-03-31,1634600000.0,365300000.0,226400000.0,128900000.0,0,410200000.0,16712100000.0,8553600000.0,181300000.0,5464500000.0,0,0,0.2,0.1,0.1,0.0,0.0
VMC,2024-12-31,1853700000.0,537200000.0,401000000.0,293700000.0,0,561600000.0,17104800000.0,8962300000.0,559700000.0,5828800000.0,0,0,0.3,0.2,0.2,0.0,0.0
KHC,2025-09-30,6237000000.0,1990000000.0,1025000000.0,615000000.0,0,1292000000.0,81695000000.0,40116000000.0,2114000000.0,21192000000.0,0,0,0.3,0.2,0.1,0.0,0.0
KHC,2025-06-30,6352000000.0,2168000000.0,1276000000.0,-7824000000.0,0,-7664000000.0,81581000000.0,40089000000.0,1567000000.0,21211000000.0,0,0,0.3,0.2,-1.2,-0.2,-0.1
KHC,2025-03-31,5999000000.0,2064000000.0,1196000000.0,712000000.0,0,1484000000.0,90274000000.0,40669000000.0,2113000000.0,21603000000.0,0,0,0.3,0.2,0.1,0.0,0.0
KHC,2024-12-31,6576000000.0,2245000000.0,-40000000.0,2131000000.0,0,223000000.0,88287000000.0,38962000000.0,1334000000.0,19869000000.0,0,0,0.3,-0.0,0.3,0.0,0.0
WAB,2025-09-30,2886000000.0,1002000000.0,491000000.0,310000000.0,0,640000000.0,21527000000.0,10432000000.0,528000000.0,5285000000.0,0,0,0.3,0.2,0.1,0.0,0.0
WAB,2025-06-30,2706000000.0,938000000.0,472000000.0,336000000.0,0,601000000.0,20391000000.0,9546000000.0,1486000000.0,4784000000.0,0,0,0.3,0.2,0.1,0.0,0.0
WAB,2025-03-31,2610000000.0,900000000.0,474000000.0,322000000.0,0,582000000.0,19096000000.0,8682000000.0,689000000.0,4007000000.0,0,0,0.3,0.2,0.1,0.0,0.0
WAB,2024-12-31,2583000000.0,797000000.0,334000000.0,212000000.0,0,455000000.0,18702000000.0,8569000000.0,706000000.0,3980000000.0,0,0,0.3,0.1,0.1,0.0,0.0
SYY,2025-09-30,21148000000.0,3901000000.0,800000000.0,476000000.0,0,0.0,27044000000.0,24933000000.0,844000000.0,14581000000.0,0,0,0.2,0.0,0.0,0.2,0.0
SYY,2025-06-30,21148000000.0,3901000000.0,800000000.0,476000000.0,0,1042000000.0,26774000000.0,24917000000.0,1071000000.0,14494000000.0,0,0,0.2,0.0,0.0,0.3,0.0
SYY,2025-03-31,19598000000.0,3581000000.0,681000000.0,401000000.0,0,942000000.0,26347000000.0,24402000000.0,1527000000.0,14609000000.0,0,0,0.2,0.0,0.0,0.2,0.0
SYY,2024-12-31,20151000000.0,3650000000.0,712000000.0,406000000.0,0,965000000.0,25318000000.0,23289000000.0,793000000.0,13690000000.0,0,0,0.2,0.0,0.0,0.2,0.0
ACGL,2025-09-30,4977000000.0,1991000000.0,1503000000.0,1350000000.0,0,1589000000.0,79185000000.0,55466000000.0,1063000000.0,2728000000.0,0,0,0.4,0.3,0.3,0.1,0.0
ACGL,2025-06-30,4973000000.0,1846000000.0,1411000000.0,1237000000.0,0,1497000000.0,78788000000.0,55747000000.0,983000000.0,2728000000.0,0,0,0.4,0.3,0.2,0.1,0.0
ACGL,2025-03-31,4592000000.0,1241000000.0,678000000.0,574000000.0,0,762000000.0,75176000000.0,53631000000.0,1187000000.0,2728000000.0,0,0,0.3,0.1,0.1,0.0,0.0
ACGL,2024-12-31,4510000000.0,1396000000.0,937000000.0,935000000.0,0,1073000000.0,70906000000.0,50086000000.0,979000000.0,2728000000.0,0,0,0.3,0.2,0.2,0.0,0.0
HUM,2025-09-30,32649000000.0,32649000000.0,134000000.0,195000000.0,0,480000000.0,49719000000.0,31137000000.0,5388000000.0,12641000000.0,0,0,1.0,0.0,0.0,0.0,0.0
HUM,2025-06-30,32388000000.0,32388000000.0,741000000.0,545000000.0,0,1109000000.0,50357000000.0,32062000000.0,4040000000.0,12623000000.0,0,0,1.0,0.0,0.0,0.0,0.0
HUM,2025-03-31,32112000000.0,32112000000.0,1691000000.0,1244000000.0,0,2066000000.0,50930000000.0,33111000000.0,4250000000.0,12787000000.0,0,0,1.0,0.1,0.0,0.1,0.0
HUM,2024-12-31,29213000000.0,29213000000.0,-862000000.0,-693000000.0,0,-458000000.0,46479000000.0,30034000000.0,2221000000.0,11144000000.0,0,0,1.0,-0.0,-0.0,-0.0,-0.0
UAL,2025-09-30,15225000000.0,9837000000.0,1395000000.0,949000000.0,0,2263000000.0,76313000000.0,62004000000.0,6730000000.0,31322000000.0,0,0,0.6,0.1,0.1,0.1,0.0
UAL,2025-06-30,15236000000.0,9891000000.0,1325000000.0,973000000.0,0,2291000000.0,77163000000.0,63789000000.0,9354000000.0,32786000000.0,0,0,0.6,0.1,0.1,0.1,0.0
UAL,2025-03-31,13212000000.0,8275000000.0,607000000.0,387000000.0,0,849000000.0,76111000000.0,63495000000.0,9370000000.0,32925000000.0,0,0,0.6,0.0,0.0,0.0,0.0
UAL,2024-12-31,14695000000.0,4512000000.0,1502000000.0,984000000.0,0,1622000000.0,74083000000.0,61408000000.0,8769000000.0,33633000000.0,0,0,0.3,0.1,0.1,0.1,0.0
ETR,2025-09-30,3812019000.0,1340392000.0,1108021000.0,698424000.0,0,1659935000.0,69848407000.0,52872643000.0,1516969000.0,30338153000.0,0,0,0.4,0.3,0.2,0.0,0.0
ETR,2025-06-30,3328849000.0,1562394000.0,837425000.0,471954000.0,0,1565065000.0,68383140000.0,52074200000.0,1175631000.0,30405443000.0,0,0,0.5,0.3,0.1,0.0,0.0
ETR,2025-03-31,2846874000.0,1450898000.0,700104000.0,360760000.0,0,1414820000.0,66620409000.0,51338009000.0,1513410000.0,30924976000.0,0,0,0.5,0.2,0.1,0.0,0.0
ETR,2024-12-31,2742305000.0,1254518000.0,669615000.0,286447000.0,0,1319290000.0,64790032000.0,49605048000.0,859703000.0,28918886000.0,0,0,0.5,0.2,0.1,0.0,0.0
RMD,2025-09-30,1335582000.0,820820000.0,446537000.0,348536000.0,0,503284000.0,8308352000.0,2187088000.0,1383848000.0,846352000.0,0,0,0.6,0.3,0.3,0.1,0.0
RMD,2025-06-30,1347993000.0,820070000.0,454540000.0,379705000.0,0,532341000.0,8174391000.0,2206532000.0,1209450000.0,851813000.0,0,0,0.6,0.3,0.3,0.1,0.0
RMD,2025-03-31,1291736000.0,766408000.0,426268000.0,365041000.0,0,469603000.0,7566822000.0,2020689000.0,932711000.0,839772000.0,0,0,0.6,0.3,0.3,0.1,0.0
RMD,2024-12-31,1282089000.0,751275000.0,417243000.0,344622000.0,0,479012000.0,7141334000.0,1888325000.0,521944000.0,839736000.0,0,0,0.6,0.3,0.3,0.1,0.0
LEN,2025-11-30,9367609000.0,1526309000.0,666959000.0,490237000.0,0,683041000.0,34430437000.0,12289828000.0,3467254000.0,4084686000.0,0,0,0.2,0.1,0.1,0.0,0.0
LEN,2025-08-31,8795322000.0,1554130000.0,684658000.0,590967000.0,0,824872000.0,34878401000.0,12126846000.0,1727069000.0,5663206000.0,0,0,0.2,0.1,0.1,0.0,0.0
LEN,2025-05-31,8353356000.0,1469131000.0,604300000.0,477449000.0,0,675706000.0,34374546000.0,11642664000.0,1455028000.0,4474395000.0,0,0,0.2,0.1,0.1,0.0,0.0
LEN,2025-02-28,7618263000.0,1463508000.0,682557000.0,519526000.0,0,729570000.0,34986103000.0,12118759000.0,2565528000.0,3864479000.0,0,0,0.2,0.1,0.1,0.0,0.0
IDXX,2025-09-30,1105239000.0,683354000.0,354846000.0,274610000.0,0,392053000.0,3386712000.0,1825526000.0,208166000.0,1112963000.0,0,0,0.6,0.3,0.2,0.2,0.1
IDXX,2025-06-30,1109457000.0,694732000.0,373046000.0,293989000.0,0,409445000.0,3330794000.0,1871967000.0,164594000.0,1237271000.0,0,0,0.6,0.3,0.3,0.2,0.1
IDXX,2025-03-31,998427000.0,623379000.0,316534000.0,242677000.0,0,351813000.0,3213689000.0,1765676000.0,163970000.0,1059359000.0,0,0,0.6,0.3,0.2,0.2,0.1
IDXX,2024-12-31,954288000.0,570660000.0,261686000.0,216149000.0,0,298563000.0,3293443000.0,1698130000.0,288266000.0,167787000.0,0,0,0.6,0.3,0.2,0.1,0.1
RJF,2025-09-30,4353000000.0,3884000000.0,2578000000.0,604000000.0,0,2630000000.0,88230000000.0,75726000000.0,11389000000.0,4411000000.0,0,0,0.9,0.6,0.1,0.0,0.0
RJF,2025-06-30,3786000000.0,3327000000.0,563000000.0,436000000.0,0,612000000.0,84815000000.0,72554000000.0,9195000000.0,3772000000.0,0,0,0.9,0.1,0.1,0.0,0.0
RJF,2025-03-31,3791000000.0,3333000000.0,671000000.0,495000000.0,0,718000000.0,83132000000.0,70905000000.0,9662000000.0,3676000000.0,0,0,0.9,0.2,0.1,0.0,0.0
RJF,2024-12-31,3982000000.0,3484000000.0,749000000.0,600000000.0,0,796000000.0,82282000000.0,70353000000.0,10048000000.0,3857000000.0,0,0,0.9,0.2,0.2,0.1,0.0
PCG,2025-09-30,6250000000.0,2463000000.0,1209000000.0,850000000.0,0,2347000000.0,138249000000.0,106019000000.0,772000000.0,59793000000.0,0,0,0.4,0.2,0.1,0.0,0.0
PCG,2025-06-30,5898000000.0,2328000000.0,1096000000.0,549000000.0,0,2543000000.0,136384000000.0,104946000000.0,494000000.0,59675000000.0,0,0,0.4,0.2,0.1,0.0,0.0
PCG,2025-03-31,5983000000.0,1269000000.0,1269000000.0,634000000.0,0,2580000000.0,135443000000.0,104506000000.0,2023000000.0,59968000000.0,0,0,0.2,0.2,0.1,0.0,0.0
PCG,2024-12-31,6631000000.0,1044000000.0,1044000000.0,674000000.0,0,2331000000.0,133660000000.0,103259000000.0,940000000.0,58343000000.0,0,0,0.2,0.2,0.1,0.0,0.0
EFX,2025-09-30,1544900000.0,881700000.0,264300000.0,160200000.0,0,450800000.0,11831800000.0,6756000000.0,189000000.0,4813100000.0,0,0,0.6,0.2,0.1,0.0,0.0
EFX,2025-06-30,1537000000.0,872400000.0,310800000.0,191300000.0,0,493700000.0,11917900000.0,6682100000.0,189000000.0,4898000000.0,0,0,0.6,0.2,0.1,0.0,0.0
EFX,2025-03-31,1442000000.0,785300000.0,235800000.0,133100000.0,0,414700000.0,11854800000.0,6742300000.0,195200000.0,4964100000.0,0,0,0.5,0.2,0.1,0.0,0.0
EFX,2024-12-31,1419400000.0,804400000.0,288100000.0,174000000.0,0,455000000.0,11759400000.0,6839800000.0,169900000.0,5010500000.0,0,0,0.6,0.2,0.1,0.0,0.0
EXR,2025-09-30,777563000.0,307449000.0,279120000.0,169942000.0,0,1052010000.0,29232969000.0,14736557000.0,111931000.0,13660512000.0,0,0,0.4,0.4,0.2,0.0,0.0
EXR,2025-06-30,841618000.0,597052000.0,373970000.0,249731000.0,0,609518000.0,29368011000.0,14690922000.0,125045000.0,13647828000.0,0,0,0.7,0.4,0.3,0.0,0.0
EXR,2025-03-31,839928000.0,614380000.0,388730000.0,270875000.0,0,553256000.0,28993918000.0,14215415000.0,119559000.0,13246470000.0,0,0,0.7,0.5,0.3,0.0,0.0
EXR,2024-12-31,840660000.0,715974000.0,380032000.0,262487000.0,0,551977000.0,28847926000.0,13988564000.0,138222000.0,13027861000.0,0,0,0.9,0.5,0.3,0.0,0.0
DXCM,2025-09-30,1209300000.0,731400000.0,242500000.0,283800000.0,0,420600000.0,7500000000.0,4773900000.0,1835700000.0,2521000000.0,0,0,0.6,0.2,0.2,0.1,0.0
DXCM,2025-06-30,1157100000.0,688800000.0,212600000.0,179800000.0,0,308800000.0,7327000000.0,4753900000.0,1159000000.0,2579300000.0,0,0,0.6,0.2,0.2,0.1,0.0
DXCM,2025-03-31,1036000000.0,589000000.0,133700000.0,105400000.0,0,219000000.0,6751700000.0,4485100000.0,904900000.0,2583200000.0,0,0,0.6,0.1,0.1,0.0,0.0
DXCM,2024-12-31,1113500000.0,655800000.0,188900000.0,151700000.0,0,274000000.0,6484500000.0,4381900000.0,606100000.0,2587400000.0,0,0,0.6,0.2,0.1,0.1,0.0
DECK,2025-09-30,1430840000.0,803822000.0,326521000.0,268152000.0,0,363599000.0,3784279000.0,1318249000.0,1414479000.0,350672000.0,0,0,0.6,0.2,0.2,0.1,0.1
DECK,2025-06-30,964538000.0,537906000.0,165287000.0,139203000.0,0,203425000.0,3839271000.0,1371792000.0,1720416000.0,312071000.0,0,0,0.6,0.2,0.1,0.1,0.0
DECK,2025-03-31,1021780000.0,579768000.0,173925000.0,151411000.0,0,209532000.0,3570252000.0,1057239000.0,1889188000.0,276975000.0,0,0,0.6,0.2,0.1,0.1,0.0
DECK,2024-12-31,1827165000.0,1102623000.0,567274000.0,456734000.0,0,601713000.0,3964353000.0,1333434000.0,2240923000.0,257029000.0,0,0,0.6,0.3,0.2,0.2,0.1
MTB,2025-09-30,2513000000.0,2388000000.0,1025000000.0,792000000.0,0,1035000000.0,211277000000.0,182549000000.0,18701000000.0,14987000000.0,0,0,1.0,0.4,0.3,0.0,0.0
MTB,2025-06-30,3292000000.0,2271000000.0,935000000.0,716000000.0,0,1059000000.0,211584000000.0,183059000000.0,21425000000.0,14451000000.0,0,0,0.7,0.3,0.2,0.0,0.0
MTB,2025-03-31,3171000000.0,2176000000.0,761000000.0,584000000.0,0,891000000.0,210321000000.0,181330000000.0,22765000000.0,12069000000.0,0,0,0.7,0.2,0.2,0.0,0.0
MTB,2024-12-31,3341000000.0,2222000000.0,882000000.0,681000000.0,0,1011000000.0,208105000000.0,179078000000.0,20782000000.0,13665000000.0,0,0,0.7,0.3,0.2,0.0,0.0
LYV,2025-09-30,8499143000.0,7230151000.0,792451000.0,431458000.0,0,975709000.0,22887819000.0,20906292000.0,6750548000.0,9388701000.0,0,0,0.9,0.1,0.1,0.2,0.0
LYV,2025-06-30,7006641000.0,1795885000.0,486653000.0,243411000.0,0,651459000.0,23150333000.0,20844751000.0,7056975000.0,8419644000.0,0,0,0.3,0.1,0.0,0.1,0.0
LYV,2025-03-31,3382117000.0,1127180000.0,114769000.0,23203000.0,0,295811000.0,21827118000.0,19717758000.0,7158680000.0,8294376000.0,0,0,0.3,0.0,0.0,0.0,0.0
LYV,2024-12-31,5681593000.0,1193176000.0,-239444000.0,200987000.0,0,-81241000.0,19638771000.0,18819778000.0,6095424000.0,8271741000.0,0,0,0.2,-0.0,0.0,0.2,0.0
STZ,2025-08-31,2481000000.0,1310000000.0,874000000.0,466000000.0,0,972900000.0,21419400000.0,13633100000.0,72000000.0,10040800000.0,0,0,0.5,0.4,0.2,0.1,0.0
STZ,2025-05-31,2514700000.0,1276700000.0,798300000.0,516100000.0,0,817500000.0,22262700000.0,14730600000.0,73900000.0,11567000000.0,0,0,0.5,0.3,0.2,0.1,0.0
STZ,2025-02-28,2164000000.0,1105200000.0,875800000.0,-375300000.0,0,-136199999.0,21652300000.0,14517500000.0,68100000.0,12113500000.0,0,0,0.5,0.4,-0.2,-0.1,-0.0
STZ,2024-11-30,2463500000.0,1257600000.0,782600000.0,615900000.0,0,897300000.0,22806200000.0,14734500000.0,73700000.0,12119500000.0,0,0,0.5,0.3,0.3,0.1,0.0
MLM,2025-09-30,1846000000.0,615000000.0,505000000.0,414000000.0,0,668000000.0,18653000000.0,8915000000.0,57000000.0,5903000000.0,0,0,0.3,0.3,0.2,0.0,0.0
MLM,2025-06-30,1811000000.0,544000000.0,458000000.0,328000000.0,0,635000000.0,18070000000.0,8704000000.0,225000000.0,5809000000.0,0,0,0.3,0.3,0.2,0.0,0.0
MLM,2025-03-31,1353000000.0,335000000.0,194000000.0,116000000.0,0,358000000.0,17724000000.0,8640000000.0,101000000.0,5807000000.0,0,0,0.2,0.1,0.1,0.0,0.0
MLM,2024-12-31,1631000000.0,490000000.0,399000000.0,294000000.0,0,552000000.0,18170000000.0,8714000000.0,670000000.0,5804000000.0,0,0,0.3,0.2,0.2,0.0,0.0
LVS,2025-09-30,3331000000.0,944000000.0,794000000.0,419000000.0,0,1158000000.0,21502000000.0,19635000000.0,3478000000.0,15772000000.0,0,0,0.3,0.2,0.1,0.2,0.0
LVS,2025-06-30,3175000000.0,938000000.0,800000000.0,461000000.0,0,1194000000.0,21850000000.0,19568000000.0,3450000000.0,15820000000.0,0,0,0.3,0.3,0.1,0.2,0.0
LVS,2025-03-31,2862000000.0,1040000000.0,620000000.0,352000000.0,0,1035000000.0,21247000000.0,18214000000.0,3036000000.0,13851000000.0,0,0,0.4,0.2,0.1,0.1,0.0
LVS,2024-12-31,2896000000.0,1049000000.0,603000000.0,324000000.0,0,1017000000.0,20666000000.0,17506000000.0,3650000000.0,13752000000.0,0,0,0.4,0.2,0.1,0.1,0.0
WTW,2025-09-30,2288000000.0,875000000.0,418000000.0,304000000.0,0,558000000.0,27439000000.0,19629000000.0,1895000000.0,5911000000.0,0,0,0.4,0.2,0.1,0.0,0.0
WTW,2025-06-30,2261000000.0,812000000.0,368000000.0,331000000.0,0,483000000.0,28478000000.0,20298000000.0,1963000000.0,5935000000.0,0,0,0.4,0.2,0.1,0.0,0.0
WTW,2025-03-31,2223000000.0,899000000.0,432000000.0,235000000.0,0,470000000.0,28064000000.0,19850000000.0,1507000000.0,5928000000.0,0,0,0.4,0.2,0.1,0.0,0.0
WTW,2024-12-31,3035000000.0,1668000000.0,901000000.0,1246000000.0,0,1858000000.0,27681000000.0,19664000000.0,1890000000.0,5931000000.0,0,0,0.5,0.3,0.4,0.2,0.0
GIS,2025-11-30,4860800000.0,1692500000.0,728000000.0,413000000.0,0,866000000.0,32549000000.0,23220200000.0,683400000.0,13734800000.0,0,0,0.3,0.1,0.1,0.0,0.0
GIS,2025-08-31,4517500000.0,1532800000.0,1725800000.0,1204200000.0,0,826400000.0,33015600000.0,23496700000.0,952900000.0,14407000000.0,0,0,0.3,0.4,0.3,0.1,0.0
GIS,2025-05-31,4556200000.0,1474000000.0,504000000.0,294000000.0,0,811900000.0,33071100000.0,23859900000.0,363900000.0,15296700000.0,0,0,0.3,0.1,0.1,0.0,0.0
GIS,2025-02-28,4842200000.0,1639100000.0,891400000.0,625600000.0,0,929000000.0,32706200000.0,23193600000.0,521300000.0,14187300000.0,0,0,0.3,0.2,0.1,0.1,0.0
TTWO,2025-09-30,1773800000.0,980500000.0,-98000000.0,-133900000.0,0,117500000.0,10080300000.0,6648400000.0,1869100000.0,3511700000.0,0,0,0.6,-0.1,-0.1,-0.0,-0.0
TTWO,2025-06-30,1503800000.0,945000000.0,21600000.0,-11900000.0,0,280400000.0,9684200000.0,6203300000.0,2025000000.0,3506900000.0,0,0,0.6,0.0,-0.0,-0.0,-0.0
TTWO,2025-03-31,1582500000.0,803300000.0,-3776900000.0,-3726200000.0,0,-3313800000.0,9180700000.0,7043000000.0,1456100000.0,4105900000.0,0,0,0.5,-2.4,-2.4,-1.7,-0.4
TTWO,2024-12-31,1359800000.0,759900000.0,-132100000.0,-125200000.0,0,162100000.0,12679900000.0,6978000000.0,1206800000.0,4103700000.0,0,0,0.6,-0.1,-0.1,-0.0,-0.0
ED,2025-09-30,4530000000.0,3585000000.0,968000000.0,688000000.0,0,2675000000.0,71844000000.0,47676000000.0,181000000.0,26675000000.0,0,0,0.8,0.2,0.2,0.0,0.0
ED,2025-06-30,3595000000.0,1825000000.0,355000000.0,246000000.0,0,1172000000.0,71501000000.0,47745000000.0,1506000000.0,27091000000.0,0,0,0.5,0.1,0.1,0.0,0.0
ED,2025-03-31,4798000000.0,3024000000.0,1125000000.0,791000000.0,0,1910000000.0,70691000000.0,46908000000.0,360000000.0,26216000000.0,0,0,0.6,0.2,0.2,0.0,0.0
ED,2024-12-31,3669000000.0,2251000000.0,509000000.0,310000000.0,0,1179000000.0,70562000000.0,48600000000.0,1324000000.0,27825000000.0,0,0,0.6,0.1,0.1,0.0,0.0
EBAY,2025-09-30,2820000000.0,1999000000.0,576000000.0,632000000.0,0,741000000.0,17791000000.0,13072000000.0,2423000000.0,7015000000.0,0,0,0.7,0.2,0.2,0.1,0.0
EBAY,2025-06-30,2730000000.0,1954000000.0,484000000.0,368000000.0,0,646000000.0,17961000000.0,13212000000.0,2587000000.0,7162000000.0,0,0,0.7,0.2,0.1,0.1,0.0
EBAY,2025-03-31,2585000000.0,1862000000.0,616000000.0,503000000.0,0,774000000.0,18954000000.0,14004000000.0,3530000000.0,7178000000.0,0,0,0.7,0.2,0.2,0.1,0.0
EBAY,2024-12-31,2579000000.0,1861000000.0,543000000.0,679000000.0,0,761000000.0,19365000000.0,14207000000.0,2759000000.0,7863000000.0,0,0,0.7,0.2,0.3,0.1,0.0
HIG,2025-09-30,7147000000.0,1301000000.0,1318000000.0,1080000000.0,0,1443000000.0,84995000000.0,66545000000.0,150000000.0,4370000000.0,0,0,0.2,0.2,0.2,0.1,0.0
HIG,2025-06-30,6987000000.0,1296000000.0,1246000000.0,995000000.0,0,1340000000.0,83639000000.0,66121000000.0,166000000.0,4369000000.0,0,0,0.2,0.2,0.1,0.1,0.0
HIG,2025-03-31,6771000000.0,812000000.0,783000000.0,630000000.0,0,875000000.0,82307000000.0,65463000000.0,138000000.0,4368000000.0,0,0,0.1,0.1,0.1,0.0,0.0
HIG,2024-12-31,6800000000.0,1063000000.0,1074000000.0,853000000.0,0,1158000000.0,80917000000.0,64470000000.0,183000000.0,4366000000.0,0,0,0.2,0.2,0.1,0.1,0.0
CNC,2025-09-30,49690000000.0,8137000000.0,-6954000000.0,-6631000000.0,0,-6188000000.0,82087000000.0,61032000000.0,17058000000.0,17583000000.0,0,0,0.2,-0.1,-0.1,-0.3,-0.1
CNC,2025-06-30,48742000000.0,2947000000.0,-458000000.0,-253000000.0,0,228000000.0,86395000000.0,58892000000.0,14513000000.0,17577000000.0,0,0,0.1,-0.0,-0.0,-0.0,-0.0
CNC,2025-03-31,46620000000.0,5202000000.0,1534000000.0,1311000000.0,0,2231000000.0,87044000000.0,59025000000.0,14815000000.0,18320000000.0,0,0,0.1,0.0,0.0,0.0,0.0
CNC,2024-12-31,40805000000.0,3720000000.0,175000000.0,283000000.0,0,833000000.0,82445000000.0,55935000000.0,14063000000.0,19429000000.0,0,0,0.1,0.0,0.0,0.0,0.0
EA,2025-09-30,1839000000.0,1396000000.0,200000000.0,137000000.0,0,0.0,11854000000.0,5854000000.0,1148000000.0,1485000000.0,0,0,0.8,0.1,0.1,0.0,0.0
EA,2025-06-30,1839000000.0,1388000000.0,209000000.0,137000000.0,0,282000000.0,11854000000.0,5854000000.0,1148000000.0,1951000000.0,0,0,0.8,0.1,0.1,0.0,0.0
EA,2025-03-31,1895000000.0,1527000000.0,395000000.0,254000000.0,0,501000000.0,12368000000.0,5982000000.0,2136000000.0,1951000000.0,0,0,0.8,0.2,0.1,0.0,0.0
EA,2024-12-31,1883000000.0,1427000000.0,377000000.0,293000000.0,0,495000000.0,13451000000.0,6039000000.0,2776000000.0,1949000000.0,0,0,0.8,0.2,0.2,0.0,0.0
DD,2025-09-30,3072000000.0,1074000000.0,547000000.0,-123000000.0,0,683000000.0,38044000000.0,14703000000.0,3785000000.0,9260000000.0,0,0,0.3,0.2,-0.0,-0.0,-0.0
DD,2025-06-30,3257000000.0,1076000000.0,529000000.0,59000000.0,0,686000000.0,36559000000.0,13043000000.0,1837000000.0,7175000000.0,0,0,0.3,0.2,0.0,0.0,0.0
DD,2025-03-31,3066000000.0,1000000000.0,494000000.0,-589000000.0,0,-53000000.0,35981000000.0,12713000000.0,1762000000.0,7174000000.0,0,0,0.3,0.2,-0.2,-0.0,-0.0
DD,2024-12-31,3092000000.0,979000000.0,478000000.0,-118000000.0,0,426000000.0,36636000000.0,12843000000.0,1850000000.0,7171000000.0,0,0,0.3,0.2,-0.0,-0.0,-0.0
AVB,2025-09-30,764926000.0,551697000.0,217908000.0,381306000.0,0,679750000.0,21949232000.0,9787737000.0,123313000.0,8893462000.0,0,0,0.7,0.3,0.5,0.0,0.0
AVB,2025-06-30,760195000.0,483224000.0,228497000.0,268665000.0,0,565855000.0,21837945000.0,9667647000.0,102825000.0,8829414000.0,0,0,0.6,0.3,0.4,0.0,0.0
AVB,2025-03-31,745880000.0,477019000.0,239351000.0,236597000.0,0,514233000.0,21215714000.0,9299431000.0,53255000.0,8475663000.0,0,0,0.6,0.3,0.3,0.0,0.0
AVB,2024-12-31,740549000.0,458900000.0,225670000.0,282092000.0,0,556354000.0,21000737000.0,9059645000.0,108576000.0,8250531000.0,0,0,0.6,0.3,0.4,0.0,0.0
ROK,2025-09-30,2316000000.0,1608000000.0,458000000.0,138000000.0,0,185000000.0,11219000000.0,7508000000.0,468000000.0,3647000000.0,0,0,0.7,0.2,0.1,0.0,0.0
ROK,2025-06-30,2144000000.0,876000000.0,388000000.0,295000000.0,0,463000000.0,11193000000.0,7565000000.0,495000000.0,3875000000.0,0,0,0.4,0.2,0.1,0.1,0.0
ROK,2025-03-31,2002000000.0,802000000.0,345000000.0,252000000.0,0,418000000.0,10993000000.0,7388000000.0,450000000.0,4093000000.0,0,0,0.4,0.2,0.1,0.1,0.0
ROK,2024-12-31,1882000000.0,721000000.0,342000000.0,184000000.0,0,329000000.0,10944000000.0,7388000000.0,471000000.0,4027000000.0,0,0,0.4,0.2,0.1,0.1,0.0
CSGP,2025-09-30,833600000.0,661400000.0,-51100000.0,-30900000.0,0,29400000.0,10819900000.0,2196000000.0,2034800000.0,1132000000.0,0,0,0.8,-0.1,-0.0,-0.0,-0.0
CSGP,2025-06-30,781300000.0,613500000.0,-27200000.0,6200000.0,0,38300000.0,10507100000.0,1905700000.0,3727000000.0,1105700000.0,0,0,0.8,-0.0,0.0,0.0,0.0
CSGP,2025-03-31,732200000.0,578900000.0,-42800000.0,-14800000.0,0,4500000.0,10428100000.0,1871900000.0,3778200000.0,1110300000.0,0,0,0.8,-0.1,-0.0,-0.0,-0.0
CSGP,2024-12-31,709400000.0,568500000.0,40000000.0,59800000.0,0,79300000.0,9256800000.0,1703300000.0,4681000000.0,1042400000.0,0,0,0.8,0.1,0.1,0.0,0.0
WEC,2025-09-30,2104000000.0,1495900000.0,449600000.0,271300000.0,0,901600000.0,49808900000.0,35798100000.0,51100000.0,21189500000.0,0,0,0.7,0.2,0.1,0.0,0.0
WEC,2025-06-30,2009500000.0,842800000.0,404900000.0,245700000.0,0,852200000.0,48524300000.0,34854200000.0,23000000.0,20532900000.0,0,0,0.4,0.2,0.1,0.0,0.0
WEC,2025-03-31,3149500000.0,1375800000.0,937500000.0,724500000.0,0,1369100000.0,48232100000.0,34805100000.0,82200000.0,20512700000.0,0,0,0.4,0.3,0.2,0.1,0.0
WEC,2024-12-31,2284200000.0,1018800000.0,590900000.0,453800000.0,0,1076700000.0,47363200000.0,34561300000.0,9800000.0,20327000000.0,0,0,0.4,0.3,0.2,0.0,0.0
VICI,2025-09-30,1015190000.0,1007488000.0,984039000.0,762040000.0,0,988775000.0,46535840000.0,18438562000.0,507503000.0,17680157000.0,0,0,1.0,1.0,0.8,0.0,0.0
VICI,2025-06-30,1001334000.0,994715000.0,1101878000.0,865079000.0,0,1098470000.0,46054023000.0,18609911000.0,232983000.0,17838171000.0,0,0,1.0,1.1,0.9,0.0,0.0
VICI,2025-03-31,984204000.0,977852000.0,755526000.0,543607000.0,0,760056000.0,45526064000.0,18503399000.0,334317000.0,17764276000.0,0,0,1.0,0.8,0.6,0.0,0.0
VICI,2024-12-31,976052000.0,969305000.0,833722000.0,614594000.0,0,835765000.0,45368940000.0,18417139000.0,524615000.0,17650085000.0,0,0,1.0,0.9,0.6,0.0,0.0
MPWR,2025-09-30,737176000.0,406228000.0,195183000.0,178274000.0,0,219276000.0,4206392000.0,638445000.0,1081251000.0,15076000.0,0,0,0.6,0.3,0.2,0.0,0.0
MPWR,2025-06-30,664574000.0,366016000.0,164758000.0,133726000.0,0,177878000.0,3972210000.0,570142000.0,787382000.0,19912000.0,0,0,0.6,0.2,0.2,0.0,0.0
MPWR,2025-03-31,637554000.0,353230000.0,168759000.0,133791000.0,0,180208000.0,3805760000.0,538750000.0,637354000.0,17751000.0,0,0,0.6,0.3,0.2,0.0,0.0
MPWR,2024-12-31,621665000.0,344408000.0,163307000.0,1449363000.0,0,173350000.0,3617097000.0,471330000.0,691816000.0,15793000.0,0,0,0.6,0.3,2.3,0.5,0.4
KEYS,2025-10-31,1419000000.0,869000000.0,217000000.0,229000000.0,0,397000000.0,11293000000.0,5416000000.0,1873000000.0,2971000000.0,0,0,0.6,0.2,0.2,0.0,0.0
KEYS,2025-07-31,1352000000.0,834000000.0,306000000.0,191000000.0,0,335000000.0,10651000000.0,4981000000.0,2636000000.0,2764000000.0,0,0,0.6,0.2,0.1,0.0,0.0
KEYS,2025-04-30,1306000000.0,814000000.0,207000000.0,257000000.0,0,408000000.0,10535000000.0,5058000000.0,3118000000.0,2765000000.0,0,0,0.6,0.2,0.2,0.0,0.0
KEYS,2025-01-31,1298000000.0,820000000.0,218000000.0,169000000.0,0,285000000.0,9387000000.0,4200000000.0,2060000000.0,2020000000.0,0,0,0.6,0.2,0.1,0.0,0.0
EQT,2025-09-30,1822787000.0,658970000.0,603210000.0,335862000.0,0,1334793000.0,41195290000.0,14404987000.0,235736000.0,7939822000.0,0,0,0.4,0.3,0.2,0.0,0.0
EQT,2025-06-30,2557719000.0,1399631000.0,1134038000.0,784147000.0,0,1821410000.0,39666748000.0,14568898000.0,555492000.0,8315037000.0,0,0,0.5,0.4,0.3,0.0,0.0
EQT,2025-03-31,2418769000.0,1331347000.0,496250000.0,242139000.0,0,1132430000.0,39703364000.0,15300095000.0,281764000.0,8392783000.0,0,0,0.6,0.2,0.1,0.0,0.0
EQT,2024-12-31,1808270000.0,697463000.0,781445000.0,418395000.0,0,1380868000.0,39830255000.0,15552119000.0,202093000.0,9366055000.0,0,0,0.4,0.4,0.2,0.0,0.0
HPQ,2025-10-31,14639000000.0,2904000000.0,1076000000.0,795000000.0,0,1167000000.0,41769000000.0,42115000000.0,3690000000.0,10882000000.0,0,0,0.2,0.1,0.1,0.0,0.0
HPQ,2025-07-31,13932000000.0,2851000000.0,716000000.0,763000000.0,0,1073000000.0,39854000000.0,40755000000.0,2871000000.0,10775000000.0,0,0,0.2,0.1,0.1,0.0,0.0
HPQ,2025-04-30,13220000000.0,2739000000.0,654000000.0,406000000.0,0,857000000.0,38799000000.0,40075000000.0,2697000000.0,11916000000.0,0,0,0.2,0.0,0.0,0.0,0.0
HPQ,2025-01-31,13504000000.0,2840000000.0,845000000.0,565000000.0,0,1042000000.0,38930000000.0,40002000000.0,2880000000.0,10903000000.0,0,0,0.2,0.1,0.0,0.0,0.0
HSY,2025-09-30,3181418000.0,1004589000.0,410010000.0,276320000.0,0,551168000.0,13579426000.0,9014980000.0,1163017000.0,5740420000.0,0,0,0.3,0.1,0.1,0.1,0.0
HSY,2025-06-30,2614718000.0,796273000.0,192811000.0,62719000.0,0,330224000.0,13645737000.0,9131119000.0,912345000.0,6000853000.0,0,0,0.3,0.1,0.0,0.0,0.0
HSY,2025-03-31,2805419000.0,944267000.0,369221000.0,224203000.0,0,493825000.0,13967764000.0,9282868000.0,1515252000.0,6290816000.0,0,0,0.3,0.1,0.1,0.0,0.0
HSY,2024-12-31,2887540000.0,1558343000.0,939147000.0,796591000.0,0,888710000.0,12946861000.0,8232207000.0,730746000.0,5447554000.0,0,0,0.5,0.3,0.3,0.2,0.1
NUE,2025-09-30,8521000000.0,1188000000.0,888000000.0,607000000.0,0,1288000000.0,34776000000.0,12845000000.0,2221000000.0,6853000000.0,0,0,0.1,0.1,0.1,0.0,0.0
NUE,2025-06-30,8456000000.0,1223000000.0,919000000.0,603000000.0,0,1314000000.0,34217000000.0,12725000000.0,1946000000.0,6881000000.0,0,0,0.1,0.1,0.1,0.0,0.0
NUE,2025-03-31,7830000000.0,605000000.0,324000000.0,156000000.0,0,704000000.0,34699000000.0,13584000000.0,3156000000.0,7880000000.0,0,0,0.1,0.0,0.0,0.0,0.0
NUE,2024-12-31,7075585000.0,626831000.0,386963000.0,287032000.0,0,800571000.0,33940000000.0,12523000000.0,3558000000.0,6950000000.0,0,0,0.1,0.1,0.0,0.0,0.0
XYL,2025-09-30,2268000000.0,883000000.0,334000000.0,227000000.0,0,444000000.0,17295000000.0,5850000000.0,1191000000.0,2089000000.0,0,0,0.4,0.1,0.1,0.0,0.0
XYL,2025-06-30,2301000000.0,892000000.0,305000000.0,226000000.0,0,453000000.0,17191000000.0,5882000000.0,1170000000.0,2124000000.0,0,0,0.4,0.1,0.1,0.0,0.0
XYL,2025-03-31,2069000000.0,768000000.0,231000000.0,169000000.0,0,370000000.0,16559000000.0,5505000000.0,1059000000.0,2136000000.0,0,0,0.4,0.1,0.1,0.0,0.0
XYL,2024-12-31,2256000000.0,857000000.0,267000000.0,326000000.0,0,526000000.0,16493000000.0,5615000000.0,1121000000.0,2125000000.0,0,0,0.4,0.1,0.1,0.0,0.0
GDDY,2025-09-30,1265300000.0,696000000.0,302200000.0,210500000.0,0,333700000.0,7984700000.0,7892900000.0,923700000.0,3871400000.0,0,0,0.6,0.2,0.2,2.3,0.0
GDDY,2025-06-30,1217600000.0,775300000.0,266300000.0,199900000.0,0,308000000.0,8273900000.0,7869500000.0,1086700000.0,3881700000.0,0,0,0.6,0.2,0.2,0.5,0.0
GDDY,2025-03-31,1194300000.0,753800000.0,247300000.0,219500000.0,0,288000000.0,7838800000.0,7639100000.0,719400000.0,3885700000.0,0,0,0.6,0.2,0.2,1.1,0.0
GDDY,2024-12-31,1192600000.0,770800000.0,255600000.0,198600000.0,0,296600000.0,8235400000.0,7543300000.0,1089000000.0,3894700000.0,0,0,0.6,0.2,0.2,0.3,0.0
EL,2025-09-30,3481000000.0,2554000000.0,169000000.0,47000000.0,0,395000000.0,19329000000.0,15439000000.0,2219000000.0,9422000000.0,0,0,0.7,0.0,0.0,0.0,0.0
EL,2025-06-30,3407000000.0,2456000000.0,8000000.0,-546000000.0,0,-123000000.0,19892000000.0,16027000000.0,2921000000.0,9439000000.0,0,0,0.7,0.0,-0.2,-0.1,-0.0
EL,2025-03-31,3550000000.0,2661000000.0,306000000.0,159000000.0,0,532000000.0,19886000000.0,15541000000.0,2631000000.0,9382000000.0,0,0,0.7,0.1,0.0,0.0,0.0
EL,2024-12-31,4004000000.0,3047000000.0,-580000000.0,-590000000.0,0,-353000000.0,19760000000.0,15591000000.0,2586000000.0,9383000000.0,0,0,0.8,-0.1,-0.1,-0.1,-0.0
BRO,2025-09-30,1606000000.0,813000000.0,422000000.0,227000000.0,0,529000000.0,29354000000.0,16947000000.0,1190000000.0,7971000000.0,0,0,0.5,0.3,0.1,0.0,0.0
BRO,2025-06-30,1249000000.0,609000000.0,337000000.0,231000000.0,0,426000000.0,25636000000.0,14019000000.0,8893000000.0,7731000000.0,0,0,0.5,0.3,0.2,0.0,0.0
BRO,2025-03-31,1385000000.0,702000000.0,452000000.0,331000000.0,0,539000000.0,16760000000.0,9919000000.0,669000000.0,3992000000.0,0,0,0.5,0.3,0.2,0.0,0.0
BRO,2024-12-31,1089000000.0,506000000.0,237000000.0,210000000.0,0,387000000.0,17612000000.0,11175000000.0,675000000.0,4060000000.0,0,0,0.5,0.2,0.2,0.0,0.0
CAH,2025-09-30,64009000000.0,2319000000.0,668000000.0,450000000.0,0,911000000.0,55228000000.0,57959000000.0,4593000000.0,9032000000.0,0,0,0.0,0.0,0.0,0.0,0.0
CAH,2025-06-30,60159000000.0,2202000000.0,428000000.0,239000000.0,0,667000000.0,53122000000.0,55756000000.0,3874000000.0,9345000000.0,0,0,0.0,0.0,0.0,0.0,0.0
CAH,2025-03-31,54878000000.0,2123000000.0,730000000.0,506000000.0,0,946000000.0,49871000000.0,51769000000.0,3326000000.0,7679000000.0,0,0,0.0,0.0,0.0,0.0,0.0
CAH,2024-12-31,55264000000.0,1941000000.0,549000000.0,400000000.0,0,738000000.0,47002000000.0,49923000000.0,3810000000.0,7606000000.0,0,0,0.0,0.0,0.0,0.0,0.0
IRM,2025-09-30,1754093000.0,962154000.0,308589000.0,84290000.0,0,574778000.0,20632853000.0,21240652000.0,195210000.0,18477060000.0,0,0,0.5,0.2,0.0,0.0,0.0
IRM,2025-06-30,1711948000.0,957111000.0,259896000.0,-44921000.0,0,442830000.0,20176789000.0,20668804000.0,217992000.0,17850897000.0,0,0,0.6,0.2,-0.0,0.0,-0.0
IRM,2025-03-31,1592529000.0,882325000.0,254294000.0,15952000.0,0,469279000.0,19362087000.0,19786125000.0,155338000.0,17138476000.0,0,0,0.6,0.2,0.0,0.0,0.0
IRM,2024-12-31,1581279000.0,892346000.0,282438000.0,103932000.0,0,589168000.0,18717115000.0,18943618000.0,155716000.0,16369312000.0,0,0,0.6,0.2,0.1,0.0,0.0
FITB,2025-09-30,3300000000.0,2104000000.0,837000000.0,649000000.0,0,969000000.0,212903000000.0,191796000000.0,2901000000.0,18937000000.0,0,0,0.6,0.3,0.2,0.0,0.0
FITB,2025-06-30,3212000000.0,2050000000.0,808000000.0,628000000.0,0,946000000.0,209991000000.0,188867000000.0,2972000000.0,18063000000.0,0,0,0.6,0.3,0.2,0.0,0.0
FITB,2025-03-31,3075000000.0,1906000000.0,653000000.0,515000000.0,0,788000000.0,212669000000.0,192266000000.0,3009000000.0,20223000000.0,0,0,0.6,0.2,0.2,0.0,0.0
FITB,2024-12-31,3234000000.0,1964000000.0,765000000.0,620000000.0,0,889000000.0,212927000000.0,193282000000.0,3014000000.0,18972000000.0,0,0,0.6,0.2,0.2,0.0,0.0
STT,2025-09-30,5748000000.0,3536000000.0,1102000000.0,861000000.0,0,1261000000.0,371070000000.0,343428000000.0,4756000000.0,34513000000.0,0,0,0.6,0.2,0.1,0.0,0.0
STT,2025-06-30,5795000000.0,3439000000.0,889000000.0,693000000.0,0,1006000000.0,376717000000.0,349410000000.0,122855000000.0,38132000000.0,0,0,0.6,0.2,0.1,0.0,0.0
STT,2025-03-31,5492000000.0,3272000000.0,822000000.0,644000000.0,0,910000000.0,372693000000.0,346001000000.0,124122000000.0,40219000000.0,0,0,0.6,0.1,0.1,0.0,0.0
STT,2024-12-31,5672000000.0,3400000000.0,960000000.0,783000000.0,0,1079000000.0,353240000000.0,327914000000.0,116102000000.0,36793000000.0,0,0,0.6,0.2,0.1,0.0,0.0
MCHP,2025-09-30,1140400000.0,470200000.0,95200000.0,41700000.0,0,260800000.0,14469700000.0,7774200000.0,236800000.0,5412700000.0,0,0,0.4,0.1,0.0,0.0,0.0
MCHP,2025-06-30,1075500000.0,576700000.0,32100000.0,-18600000.0,0,211300000.0,14979500000.0,8122400000.0,566500000.0,5494500000.0,0,0,0.5,0.0,-0.0,-0.0,-0.0
MCHP,2025-03-31,970500000.0,501100000.0,-100300000.0,-154600000.0,0,86600000.0,15374600000.0,8296300000.0,771700000.0,5666100000.0,0,0,0.5,-0.1,-0.2,-0.0,-0.0
MCHP,2024-12-31,1026000000.0,561400000.0,30900000.0,-53600000.0,0,207600000.0,15632200000.0,9600700000.0,586000000.0,6784000000.0,0,0,0.5,0.0,-0.1,-0.0,-0.0
TSCO,2025-09-30,3719045000.0,1389232000.0,342709000.0,259268000.0,0,466779000.0,10876602000.0,8303417000.0,184639000.0,5722306000.0,0,0,0.4,0.1,0.1,0.1,0.0
TSCO,2025-06-30,4439729000.0,1517875000.0,577812000.0,430043000.0,0,699911000.0,10558795000.0,8068486000.0,225810000.0,5557383000.0,0,0,0.3,0.1,0.1,0.2,0.0
TSCO,2025-03-31,3466952000.0,1255422000.0,249137000.0,179369000.0,0,369216000.0,10385317000.0,8146777000.0,231717000.0,5761706000.0,0,0,0.4,0.1,0.1,0.1,0.0
TSCO,2024-12-31,3773531000.0,1329630000.0,318349000.0,236406000.0,0,438404000.0,9805485000.0,7535151000.0,251491000.0,5424448000.0,0,0,0.4,0.1,0.1,0.1,0.0
MTD,2025-09-30,1029699000.0,609456000.0,309922000.0,217493000.0,0,319668000.0,3521466000.0,3770664000.0,69065000.0,2209858000.0,0,0,0.6,0.3,0.2,0.0,0.1
MTD,2025-06-30,983221000.0,562295000.0,265712000.0,202348000.0,0,295887000.0,3400465000.0,3659258000.0,61825000.0,2183922000.0,0,0,0.6,0.3,0.2,0.0,0.1
MTD,2025-03-31,883744000.0,508686000.0,219541000.0,163587000.0,0,248252000.0,3234679000.0,3416661000.0,64291000.0,2074095000.0,0,0,0.6,0.2,0.2,0.0,0.1
MTD,2024-12-31,1045127000.0,621095000.0,333701000.0,252301000.0,0,363260000.0,3239999000.0,3366889000.0,59362000.0,2131073000.0,0,0,0.6,0.3,0.2,0.0,0.1
GPN,2025-09-30,2007637000.0,1450955000.0,639223000.0,635209000.0,0,1125804000.0,47962419000.0,24464582000.0,2603047000.0,15226235000.0,0,0,0.7,0.3,0.3,0.0,0.0
GPN,2025-06-30,1956747000.0,1457959000.0,560639000.0,241640000.0,0,818495000.0,48518510000.0,25096921000.0,2611662000.0,16647178000.0,0,0,0.7,0.3,0.1,0.0,0.0
GPN,2025-03-31,2412098000.0,1490903000.0,495292000.0,305734000.0,0,995954000.0,47616106000.0,24591533000.0,2896024000.0,16922804000.0,0,0,0.6,0.2,0.1,0.0,0.0
GPN,2024-12-31,2515386000.0,1563089000.0,604614000.0,567173000.0,0,1375791000.0,46890255000.0,23873688000.0,2538416000.0,16815381000.0,0,0,0.6,0.2,0.2,0.0,0.0
FTV,2025-09-30,1027099999.0,649200000.0,159600000.0,55000000.0,0,214000000.0,11886700000.0,5382800000.0,430800000.0,3306300000.0,0,0,0.6,0.2,0.1,0.0,0.0
FTV,2025-06-30,1518800000.0,895700000.0,263200000.0,166600000.0,0,361600000.0,18244200000.0,7855000000.0,1832700000.0,4812200000.0,0,0,0.6,0.2,0.1,0.0,0.0
FTV,2025-03-31,1474200000.0,880900000.0,260600000.0,171900000.0,0,368300000.0,17137000000.0,6893700000.0,892100000.0,3862900000.0,0,0,0.6,0.2,0.1,0.0,0.0
FTV,2024-12-31,1620300000.0,977200000.0,311000000.0,208800000.0,0,442600000.0,17016100000.0,6820500000.0,813300000.0,3876900000.0,0,0,0.6,0.2,0.1,0.0,0.0
K,2025-09-30,3260000000.0,1084000000.0,452000000.0,309000000.0,0,554000000.0,15645000000.0,11350000000.0,240000000.0,6200000000.0,0,0,0.3,0.1,0.1,0.1,0.0
K,2025-06-30,3203000000.0,1090000000.0,438000000.0,299000000.0,0,538000000.0,15871000000.0,11661000000.0,354000000.0,6484000000.0,0,0,0.3,0.1,0.1,0.1,0.0
K,2025-03-31,3083000000.0,1059000000.0,430000000.0,304000000.0,0,533000000.0,15474000000.0,11449000000.0,330000000.0,6220000000.0,0,0,0.3,0.1,0.1,0.1,0.0
K,2024-12-31,3124000000.0,1177000000.0,531000000.0,365000000.0,0,620000000.0,15628000000.0,11746000000.0,694000000.0,6342000000.0,0,0,0.4,0.2,0.1,0.1,0.0
DOV,2025-09-30,2077841000.0,833594000.0,377153000.0,301996000.0,0,511943000.0,13420643000.0,5757707000.0,1552804000.0,3071008000.0,0,0,0.4,0.2,0.1,0.0,0.0
DOV,2025-06-30,2049592000.0,818262000.0,354597000.0,279064000.0,0,473271000.0,13161284000.0,5719979000.0,1264893000.0,3069143000.0,0,0,0.4,0.2,0.1,0.0,0.0
DOV,2025-03-31,1866059000.0,745500000.0,296309000.0,230821000.0,0,410407000.0,12648548000.0,5510781000.0,1805320000.0,2972802000.0,0,0,0.4,0.2,0.1,0.0,0.0
DOV,2024-12-31,1929866000.0,745724000.0,295064000.0,1435983000.0,0,418617000.0,12509160000.0,5555164000.0,1844877000.0,3153953000.0,0,0,0.4,0.2,0.7,0.2,0.1
HPE,2025-10-31,9696000000.0,2948000000.0,425000000.0,175000000.0,0,607000000.0,75906000000.0,51218000000.0,5773000000.0,22365000000.0,0,0,0.3,0.0,0.0,0.0,0.0
HPE,2025-07-31,9202000000.0,2612000000.0,494000000.0,305000000.0,0,977000000.0,77340000000.0,52938000000.0,4571000000.0,23653000000.0,0,0,0.3,0.1,0.0,0.0,0.0
HPE,2025-04-30,7588000000.0,2093000000.0,255000000.0,-1050000000.0,0,-471000000.0,67854000000.0,43927000000.0,11667000000.0,17530000000.0,0,0,0.3,0.0,-0.1,-0.0,-0.0
HPE,2025-01-31,7810000000.0,2213000000.0,470000000.0,627000000.0,0,1514000000.0,70327000000.0,45045000000.0,13431000000.0,17877000000.0,0,0,0.3,0.1,0.1,0.0,0.0
BR,2025-09-30,1589400000.0,422600000.0,188800000.0,165400000.0,0,363400000.0,8302900000.0,5667700000.0,290800000.0,3480000000.0,0,0,0.3,0.1,0.1,0.1,0.0
BR,2025-06-30,2065400000.0,769800000.0,498600000.0,374200000.0,0,627200000.0,8545000000.0,5889800000.0,561500000.0,3459000000.0,0,0,0.4,0.2,0.2,0.1,0.0
BR,2025-03-31,1811700000.0,575800000.0,344900000.0,243100000.0,0,344900000.0,8230600000.0,6002300000.0,289900000.0,3867000000.0,0,0,0.3,0.2,0.1,0.1,0.0
BR,2024-12-31,1589200000.0,443400000.0,210700000.0,142400000.0,0,337900000.0,8230600000.0,6002300000.0,289900000.0,3867000000.0,0,0,0.3,0.1,0.1,0.1,0.0
EQR,2025-09-30,782411000.0,495868000.0,226547000.0,289051000.0,0,632061000.0,21065063000.0,9600034000.0,93092000.0,8740601000.0,0,0,0.6,0.3,0.4,0.0,0.0
EQR,2025-06-30,768827000.0,485435000.0,226015000.0,192356000.0,0,523611000.0,21027514000.0,9501134000.0,31276000.0,8674673000.0,0,0,0.6,0.3,0.3,0.0,0.0
EQR,2025-03-31,760810000.0,469269000.0,451014000.0,256592000.0,0,451014000.0,20562185000.0,8973055000.0,39849000.0,8151032000.0,0,0,0.6,0.6,0.3,0.0,0.0
EQR,2024-12-31,766779000.0,489396000.0,476645000.0,419115000.0,0,479873000.0,20834176000.0,9249829000.0,62302000.0,8426642000.0,0,0,0.6,0.6,0.5,0.0,0.0
SW,2025-09-30,8003000000.0,1569000000.0,526000000.0,246000000.0,0,1172000000.0,45569000000.0,27110000000.0,851000000.0,14111000000.0,0,0,0.2,0.1,0.0,0.0,0.0
SW,2025-06-30,6741060000.0,1286235000.0,213099000.0,-23772000.0,0,995028000.0,45746000000.0,27422000000.0,778000000.0,14363000000.0,0,0,0.2,0.0,-0.0,-0.0,-0.0
SW,2025-03-31,7076440800.0,1457621100.0,511137900.0,354931200.0,0,1110084300.0,44649000000.0,26760000000.0,797000000.0,14219000000.0,0,0,0.2,0.1,0.1,0.0,0.0
SW,2024-12-31,7277396700.0,1172839500.0,387085300.0,140933800.0,0,789615400.0,43759000000.0,26372000000.0,855000000.0,13595000000.0,0,0,0.2,0.1,0.0,0.0,0.0
DOW,2025-09-30,9973000000.0,689000000.0,159000000.0,62000000.0,0,979000000.0,60990000000.0,41926000000.0,4609000000.0,19625000000.0,0,0,0.1,0.0,0.0,0.0,0.0
DOW,2025-06-30,10104000000.0,544000000.0,9000000.0,-835000000.0,0,287000000.0,58991000000.0,40399000000.0,2516000000.0,18104000000.0,0,0,0.1,0.0,-0.1,-0.0,-0.0
DOW,2025-03-31,10431000000.0,704000000.0,138000000.0,-307000000.0,0,575000000.0,57499000000.0,40204000000.0,1465000000.0,17921000000.0,0,0,0.1,0.0,-0.0,-0.0,-0.0
DOW,2024-12-31,10405000000.0,877000000.0,322000000.0,-53000000.0,0,1143000000.0,57312000000.0,39461000000.0,2189000000.0,17645000000.0,0,0,0.1,0.0,-0.0,-0.0,-0.0
SYF,2025-09-30,4834000000.0,2677000000.0,1429000000.0,1077000000.0,0,1557000000.0,116984000000.0,99919000000.0,16245000000.0,14431000000.0,0,0,0.6,0.3,0.2,0.1,0.0
SYF,2025-06-30,4712000000.0,2501000000.0,1256000000.0,967000000.0,0,1378000000.0,120505000000.0,103553000000.0,19457000000.0,16009000000.0,0,0,0.5,0.3,0.2,0.1,0.0
SYF,2025-03-31,4804000000.0,2227000000.0,984000000.0,757000000.0,0,1109000000.0,122026000000.0,105445000000.0,21629000000.0,17009000000.0,0,0,0.5,0.2,0.2,0.0,0.0
SYF,2024-12-31,4919000000.0,2240000000.0,973000000.0,774000000.0,0,1093000000.0,119463000000.0,102883000000.0,14711000000.0,15462000000.0,0,0,0.5,0.2,0.2,0.0,0.0
PPG,2025-09-30,4082000000.0,1656000000.0,438000000.0,453000000.0,0,759000000.0,22144000000.0,14188000000.0,1832000000.0,7914000000.0,0,0,0.4,0.1,0.1,0.1,0.0
PPG,2025-06-30,4195000000.0,1763000000.0,650000000.0,450000000.0,0,795000000.0,22099000000.0,14355000000.0,1561000000.0,7948000000.0,0,0,0.4,0.2,0.1,0.1,0.0
PPG,2025-03-31,3684000000.0,1542000000.0,481000000.0,373000000.0,0,679000000.0,21140000000.0,14048000000.0,1830000000.0,7862000000.0,0,0,0.4,0.1,0.1,0.1,0.0
PPG,2024-12-31,2165000000.0,755000000.0,381000000.0,-280000000.0,0,155000000.0,19433000000.0,12471000000.0,1270000000.0,6395000000.0,0,0,0.3,0.2,-0.1,-0.0,-0.0
CDW,2025-09-30,5737400000.0,1255500000.0,443300000.0,291000000.0,0,444400000.0,15197600000.0,12657900000.0,452900000.0,6088600000.0,0,0,0.2,0.1,0.1,0.1,0.0
CDW,2025-06-30,5976600000.0,1241200000.0,420200000.0,271200000.0,0,495000000.0,15265700000.0,12798500000.0,481000000.0,5769000000.0,0,0,0.2,0.1,0.0,0.1,0.0
CDW,2025-03-31,5199100000.0,1122300000.0,361400000.0,224900000.0,0,436000000.0,15018500000.0,12695400000.0,471400000.0,5993600000.0,0,0,0.2,0.1,0.0,0.1,0.0
CDW,2024-12-31,5186000000.0,1155300000.0,408600000.0,264200000.0,0,477500000.0,14678400000.0,12325700000.0,503500000.0,5991900000.0,0,0,0.2,0.1,0.1,0.1,0.0
CPAY,2025-09-30,1172480000.0,830556000.0,523120000.0,277941000.0,0,614900000.0,19744837000.0,15625705000.0,2005508000.0,8122952000.0,0,0,0.7,0.4,0.2,0.1,0.0
CPAY,2025-06-30,1102030000.0,863513000.0,479390000.0,284168000.0,0,581312000.0,20435226000.0,16468047000.0,2192849000.0,8117700000.0,0,0,0.8,0.4,0.3,0.1,0.0
CPAY,2025-03-31,1005667000.0,783823000.0,427124000.0,243233000.0,0,513621000.0,18547780000.0,15053698000.0,1554835000.0,8171403000.0,0,0,0.8,0.4,0.2,0.1,0.0
CPAY,2024-12-31,1034431000.0,805651000.0,488348000.0,245955000.0,0,574615000.0,17957031000.0,14811042000.0,1553642000.0,7996080000.0,0,0,0.8,0.5,0.2,0.1,0.0
WBD,2025-09-30,9045000000.0,4481000000.0,611000000.0,-148000000.0,0,1972000000.0,100519000000.0,63214000000.0,3986000000.0,33746000000.0,0,0,0.5,0.1,-0.0,-0.0,-0.0
WBD,2025-06-30,9812000000.0,3845000000.0,-185000000.0,1580000000.0,0,8007000000.0,101727000000.0,64381000000.0,4888000000.0,34632000000.0,0,0,0.4,-0.0,0.2,0.0,0.0
WBD,2025-03-31,8979000000.0,3848000000.0,-37000000.0,-453000000.0,0,4726000000.0,101679000000.0,66508000000.0,3868000000.0,37426000000.0,0,0,0.4,-0.0,-0.1,-0.0,-0.0
WBD,2024-12-31,10027000000.0,4500000000.0,162000000.0,-494000000.0,0,4844000000.0,104560000000.0,69622000000.0,5312000000.0,39505000000.0,0,0,0.4,0.0,-0.0,-0.0,-0.0
TROW,2025-09-30,1893500000.0,1948800000.0,698500000.0,631400000.0,0,818700000.0,14730400000.0,2761000000.0,3634800000.0,455100000.0,0,0,1.0,0.4,0.3,0.1,0.0
TROW,2025-06-30,1723300000.0,828300000.0,478300000.0,505200000.0,0,695200000.0,14342200000.0,2529300000.0,3058900000.0,475200000.0,0,0,0.5,0.3,0.3,0.0,0.0
TROW,2025-03-31,1763900000.0,922000000.0,596300000.0,490500000.0,0,688600000.0,13993700000.0,2461400000.0,2836700000.0,472100000.0,0,0,0.5,0.3,0.3,0.0,0.0
TROW,2024-12-31,1824500000.0,947600000.0,568400000.0,439900000.0,0,915600000.0,13472000000.0,2021900000.0,2649800000.0,278700000.0,0,0,0.5,0.3,0.2,0.0,0.0
CHD,2025-09-30,1585600000.0,714400000.0,254600000.0,182200000.0,0,350400000.0,9144400000.0,4921400000.0,305300000.0,2372100000.0,0,0,0.5,0.2,0.1,0.0,0.0
CHD,2025-06-30,1506300000.0,647000000.0,261700000.0,191000000.0,0,330600000.0,8788200000.0,4394500000.0,923200000.0,2409700000.0,0,0,0.4,0.2,0.1,0.0,0.0
CHD,2025-03-31,1467100000.0,659600000.0,295300000.0,220100000.0,0,366300000.0,8955900000.0,4404900000.0,1074500000.0,2404600000.0,0,0,0.4,0.2,0.2,0.0,0.0
CHD,2024-12-31,1582000000.0,707900000.0,256700000.0,189200000.0,0,338200000.0,8883100000.0,4522300000.0,964100000.0,2405500000.0,0,0,0.4,0.2,0.1,0.0,0.0
TYL,2025-09-30,595879000.0,281452000.0,97932000.0,84393000.0,0,138915000.0,5457369000.0,1854602000.0,834101000.0,643448000.0,0,0,0.5,0.2,0.1,0.0,0.0
TYL,2025-06-30,596117000.0,259351000.0,95596000.0,84627000.0,0,140669000.0,5425755000.0,1791088000.0,787447000.0,641718000.0,0,0,0.4,0.2,0.1,0.0,0.0
TYL,2025-03-31,565165000.0,252942000.0,89173000.0,81052000.0,0,133445000.0,5192134000.0,1679430000.0,705729000.0,640102000.0,0,0,0.4,0.2,0.1,0.0,0.0
TYL,2024-12-31,541131000.0,223005000.0,71686000.0,65221000.0,0,114367000.0,5180015000.0,1791593000.0,744721000.0,638368000.0,0,0,0.4,0.1,0.1,0.0,0.0
VLTO,2025-09-30,1404000000.0,844000000.0,326000000.0,239000000.0,0,347000000.0,7429000000.0,4582000000.0,1775000000.0,2672000000.0,0,0,0.6,0.2,0.2,0.1,0.0
VLTO,2025-06-30,1371000000.0,822000000.0,313000000.0,222000000.0,0,332000000.0,7171000000.0,4510000000.0,1559000000.0,2672000000.0,0,0,0.6,0.2,0.2,0.1,0.0
VLTO,2025-03-31,1332000000.0,805000000.0,322000000.0,225000000.0,0,335000000.0,6645000000.0,4336000000.0,1239000000.0,2630000000.0,0,0,0.6,0.2,0.2,0.1,0.0
VLTO,2024-12-31,1345000000.0,801000000.0,308000000.0,227000000.0,0,328000000.0,6406000000.0,4361000000.0,1101000000.0,2767000000.0,0,0,0.6,0.2,0.2,0.1,0.0
VTR,2025-09-30,1488996000.0,619081000.0,221521000.0,66047000.0,0,586085000.0,26925704000.0,14501946000.0,188617000.0,12787722000.0,0,0,0.4,0.1,0.0,0.0,0.0
VTR,2025-06-30,1420893000.0,593997000.0,203422000.0,68264000.0,0,580049000.0,26474929000.0,14553769000.0,614200000.0,13273745000.0,0,0,0.4,0.1,0.0,0.0,0.0
VTR,2025-03-31,1358074000.0,572365000.0,197691000.0,46868000.0,0,516043000.0,26032295000.0,14506179000.0,182335000.0,12921492000.0,0,0,0.4,0.1,0.0,0.0,0.0
VTR,2024-12-31,1287057000.0,546000000.0,195794000.0,56835000.0,0,465711000.0,26186906000.0,15357310000.0,897850000.0,13740554000.0,0,0,0.4,0.2,0.0,0.0,0.0
AEE,2025-09-30,2699000000.0,989000000.0,825000000.0,640000000.0,0,1316000000.0,47416000000.0,34507000000.0,9000000.0,20104000000.0,0,0,0.4,0.3,0.2,0.0,0.0
AEE,2025-06-30,2221000000.0,928000000.0,411000000.0,275000000.0,0,905000000.0,46625000000.0,34182000000.0,11000000.0,19981000000.0,0,0,0.4,0.2,0.1,0.0,0.0
AEE,2025-03-31,2097000000.0,941000000.0,430000000.0,289000000.0,0,930000000.0,45665000000.0,33317000000.0,23000000.0,19623000000.0,0,0,0.4,0.2,0.1,0.0,0.0
AEE,2024-12-31,1941000000.0,794000000.0,198000000.0,207000000.0,0,787000000.0,44598000000.0,32355000000.0,7000000.0,18722000000.0,0,0,0.4,0.1,0.1,0.0,0.0
HBAN,2025-09-30,3228000000.0,2012000000.0,766000000.0,629000000.0,0,941000000.0,210228000000.0,187942000000.0,1696000000.0,17567000000.0,0,0,0.6,0.2,0.2,0.0,0.0
HBAN,2025-06-30,3027000000.0,1835000000.0,638000000.0,536000000.0,0,651000000.0,207742000000.0,186772000000.0,10947000000.0,18043000000.0,0,0,0.6,0.2,0.2,0.0,0.0
HBAN,2025-03-31,2983000000.0,1805000000.0,653000000.0,527000000.0,0,862000000.0,209596000000.0,189110000000.0,15928000000.0,18760000000.0,0,0,0.6,0.2,0.2,0.0,0.0
HBAN,2024-12-31,3069000000.0,1847000000.0,669000000.0,530000000.0,0,799000000.0,204230000000.0,184448000000.0,13332000000.0,16573000000.0,0,0,0.6,0.2,0.2,0.0,0.0
NVR,2025-09-30,2505303000.0,588107000.0,422974000.0,342688000.0,0,457024000.0,6035458000.0,2068696000.0,1971447000.0,1030229000.0,0,0,0.2,0.2,0.1,0.1,0.1
NVR,2025-06-30,2603307000.0,603324000.0,427729000.0,333737000.0,0,459807000.0,5939339000.0,2094208000.0,1766172000.0,1028893000.0,0,0,0.2,0.2,0.1,0.1,0.1
NVR,2025-03-31,2350445000.0,515070000.0,376665000.0,299576000.0,0,415240000.0,6195533000.0,2240869000.0,2211106000.0,1025816000.0,0,0,0.2,0.2,0.1,0.1,0.0
NVR,2024-12-31,2851208000.0,725575000.0,533464000.0,457432000.0,0,584600000.0,6380988000.0,2170916000.0,2610975000.0,1020485000.0,0,0,0.3,0.2,0.2,0.1,0.1
DTE,2025-09-30,3527000000.0,2944000000.0,619000000.0,418000000.0,0,1148000000.0,52028000000.0,39865000000.0,79000000.0,25296000000.0,0,0,0.8,0.2,0.1,0.0,0.0
DTE,2025-06-30,3419000000.0,1004000000.0,427000000.0,228000000.0,0,970000000.0,50248000000.0,38521000000.0,84000000.0,23992000000.0,0,0,0.3,0.1,0.1,0.0,0.0
DTE,2025-03-31,4440000000.0,1213000000.0,624000000.0,444000000.0,0,1129000000.0,49555000000.0,37628000000.0,33000000.0,23437000000.0,0,0,0.3,0.1,0.1,0.0,0.0
DTE,2024-12-31,3436000000.0,1151000000.0,555000000.0,292000000.0,0,1014000000.0,48846000000.0,37142000000.0,24000000.0,23241000000.0,0,0,0.3,0.2,0.1,0.0,0.0
NTAP,2025-10-31,1705000000.0,1227000000.0,399000000.0,305000000.0,0,471000000.0,9630000000.0,8644000000.0,2072000000.0,2739000000.0,0,0,0.7,0.2,0.2,0.3,0.0
NTAP,2025-07-31,1559000000.0,1098000000.0,309000000.0,233000000.0,0,384000000.0,9679000000.0,8704000000.0,2085000000.0,2745000000.0,0,0,0.7,0.2,0.1,0.2,0.0
NTAP,2025-04-30,1732000000.0,1193000000.0,348000000.0,340000000.0,0,428000000.0,10823000000.0,9783000000.0,2742000000.0,3491000000.0,0,0,0.7,0.2,0.2,0.3,0.0
NTAP,2025-01-31,1641000000.0,1145000000.0,362000000.0,299000000.0,0,446000000.0,8989000000.0,7994000000.0,1511000000.0,2250000000.0,0,0,0.7,0.2,0.2,0.3,0.0
PPL,2025-09-30,2239000000.0,1000000000.0,569000000.0,318000000.0,0,949000000.0,43939000000.0,29526000000.0,1119000000.0,18986000000.0,0,0,0.4,0.3,0.1,0.0,0.0
PPL,2025-06-30,2025000000.0,831000000.0,406000000.0,183000000.0,0,782000000.0,42363000000.0,28077000000.0,294000000.0,17797000000.0,0,0,0.4,0.2,0.1,0.0,0.0
PPL,2025-03-31,2504000000.0,1113000000.0,678000000.0,414000000.0,0,1048000000.0,41809000000.0,27512000000.0,312000000.0,17285000000.0,0,0,0.4,0.3,0.2,0.0,0.0
PPL,2024-12-31,2211000000.0,802000000.0,377000000.0,177000000.0,0,744000000.0,41069000000.0,26992000000.0,306000000.0,16806000000.0,0,0,0.4,0.2,0.1,0.0,0.0
WST,2025-09-30,804300000.0,293500000.0,173700000.0,140000000.0,0,217100000.0,4105800000.0,1054300000.0,628500000.0,303000000.0,0,0,0.4,0.2,0.2,0.0,0.0
WST,2025-06-30,766200000.0,273200000.0,158200000.0,131800000.0,0,198500000.0,3952800000.0,1023700000.0,509700000.0,303300000.0,0,0,0.4,0.2,0.2,0.0,0.0
WST,2025-03-31,698200000.0,232700000.0,128400000.0,89800000.0,0,150900000.0,3618200000.0,935100000.0,404200000.0,303200000.0,0,0,0.3,0.2,0.1,0.0,0.0
WST,2024-12-31,748500000.0,274400000.0,170600000.0,130100000.0,0,205600000.0,3643400000.0,961100000.0,484600000.0,302300000.0,0,0,0.4,0.2,0.2,0.0,0.0
WAT,2025-09-30,799887000.0,472081000.0,192114000.0,148923000.0,0,249434000.0,4862564000.0,2531871000.0,459118000.0,1486165000.0,0,0,0.6,0.2,0.2,0.1,0.0
WAT,2025-06-30,771332000.0,449925000.0,188213000.0,147111000.0,0,243693000.0,4718075000.0,2558263000.0,367215000.0,1538368000.0,0,0,0.6,0.2,0.2,0.1,0.0
WAT,2025-03-31,661705000.0,384960000.0,151745000.0,121381000.0,0,206527000.0,4591576000.0,2629179000.0,382872000.0,1536279000.0,0,0,0.6,0.2,0.2,0.1,0.0
WAT,2024-12-31,872714000.0,524198000.0,292263000.0,231398000.0,0,344554000.0,4553795000.0,2725288000.0,324421000.0,1702342000.0,0,0,0.6,0.3,0.3,0.1,0.1
LYB,2025-09-30,7727000000.0,906000000.0,-731000000.0,-892000000.0,0,-368000000.0,33787000000.0,23063000000.0,1784000000.0,13216000000.0,0,0,0.1,-0.1,-0.1,-0.1,-0.0
LYB,2025-06-30,7658000000.0,800000000.0,330000000.0,114000000.0,0,719000000.0,35352000000.0,23317000000.0,1700000000.0,13232000000.0,0,0,0.1,0.0,0.0,0.0,0.0
LYB,2025-03-31,7677000000.0,549000000.0,114000000.0,175000000.0,0,489000000.0,35189000000.0,22854000000.0,1867000000.0,12664000000.0,0,0,0.1,0.0,0.0,0.0,0.0
LYB,2024-12-31,9497000000.0,750000000.0,-659000000.0,-598000000.0,0,-373000000.0,35746000000.0,23158000000.0,3375000000.0,12923000000.0,0,0,0.1,-0.1,-0.1,-0.0,-0.0
ADM,2025-09-30,20372000000.0,1270000000.0,397000000.0,108000000.0,0,564000000.0,51918000000.0,29166000000.0,1235000000.0,9207000000.0,0,0,0.1,0.0,0.0,0.0,0.0
ADM,2025-06-30,21188000000.0,995000000.0,100000000.0,219000000.0,0,729000000.0,51996000000.0,29309000000.0,1057000000.0,10617000000.0,0,0,0.0,0.0,0.0,0.0,0.0
ADM,2025-03-31,20175000000.0,1180000000.0,248000000.0,295000000.0,0,798000000.0,53402000000.0,31020000000.0,864000000.0,12423000000.0,0,0,0.1,0.0,0.0,0.0,0.0
ADM,2024-12-31,21498000000.0,1358000000.0,415000000.0,567000000.0,0,1133000000.0,53271000000.0,30840000000.0,611000000.0,11538000000.0,0,0,0.1,0.0,0.0,0.0,0.0
AWK,2025-09-30,1451000000.0,928000000.0,614000000.0,379000000.0,0,878000000.0,34748000000.0,23841000000.0,177000000.0,15371000000.0,0,0,0.6,0.4,0.3,0.0,0.0
AWK,2025-06-30,1276000000.0,796000000.0,489000000.0,289000000.0,0,748000000.0,33913000000.0,23231000000.0,111000000.0,15063000000.0,0,0,0.6,0.4,0.2,0.0,0.0
AWK,2025-03-31,1142000000.0,674000000.0,371000000.0,205000000.0,0,630000000.0,33156000000.0,22622000000.0,114000000.0,14506000000.0,0,0,0.6,0.3,0.2,0.0,0.0
AWK,2024-12-31,1201000000.0,682000000.0,400000000.0,239000000.0,0,646000000.0,32830000000.0,22498000000.0,96000000.0,14110000000.0,0,0,0.6,0.3,0.2,0.0,0.0
ROL,2025-09-30,1026106000.0,558656000.0,225021000.0,163527000.0,0,257602000.0,3219660000.0,1687612000.0,127357000.0,912082000.0,0,0,0.5,0.2,0.2,0.1,0.1
ROL,2025-06-30,999527000.0,537666000.0,198333000.0,141489000.0,0,231170000.0,3180040000.0,1736169000.0,123035000.0,967182000.0,0,0,0.5,0.2,0.1,0.1,0.0
ROL,2025-03-31,822504000.0,422370000.0,142648000.0,105248000.0,0,171857000.0,2948558000.0,1592806000.0,201177000.0,911033000.0,0,0,0.5,0.2,0.1,0.1,0.0
ROL,2024-12-31,832169000.0,426707000.0,150627000.0,105675000.0,0,180162000.0,2819695000.0,1489102000.0,89630000.0,812528000.0,0,0,0.5,0.2,0.1,0.1,0.0
TDY,2025-09-30,1539500000.0,659500000.0,282800000.0,220700000.0,0,370900000.0,15368700000.0,4807900000.0,528600000.0,2533400000.0,0,0,0.4,0.2,0.1,0.0,0.0
TDY,2025-06-30,1513700000.0,644600000.0,278200000.0,209900000.0,0,364700000.0,15135200000.0,4751900000.0,310900000.0,2617400000.0,0,0,0.4,0.2,0.1,0.0,0.0
TDY,2025-03-31,1449900000.0,619500000.0,259300000.0,188600000.0,0,340000000.0,15048500000.0,5117100000.0,461500000.0,2964800000.0,0,0,0.4,0.2,0.1,0.0,0.0
TDY,2024-12-31,1502300000.0,642700000.0,237100000.0,198500000.0,0,321000000.0,14200500000.0,4645100000.0,649800000.0,2649000000.0,0,0,0.4,0.2,0.1,0.0,0.0
PHM,2025-09-30,4404799000.0,1223189000.0,822909000.0,585834000.0,0,793891000.0,17850979000.0,5024942000.0,1451532000.0,2027561000.0,0,0,0.3,0.2,0.1,0.0,0.0
PHM,2025-06-30,4403755000.0,1198206000.0,805452000.0,608483000.0,0,832343000.0,17587811000.0,5012869000.0,1234158000.0,2121422000.0,0,0,0.3,0.2,0.1,0.0,0.0
PHM,2025-03-31,3892650000.0,1067610000.0,671906000.0,522799000.0,0,705932000.0,17336546000.0,5035574000.0,1235666000.0,2052523000.0,0,0,0.3,0.2,0.1,0.0,0.0
PHM,2024-12-31,4921794000.0,1354703000.0,1156566000.0,913239000.0,0,1207042000.0,17363763000.0,5241799000.0,1613327000.0,2254513000.0,0,0,0.3,0.2,0.2,0.1,0.1
PTC,2025-09-30,893795000.0,776896000.0,433569000.0,347793000.0,0,479213000.0,6617172000.0,2790943000.0,184415000.0,1369867000.0,0,0,0.9,0.5,0.4,0.1,0.1
PTC,2025-06-30,643937000.0,533912000.0,209828000.0,141328000.0,0,245914000.0,6229053000.0,2716170000.0,199321000.0,1411719000.0,0,0,0.8,0.3,0.2,0.0,0.0
PTC,2025-03-31,636366000.0,530104000.0,223464000.0,162644000.0,0,258532000.0,6162431000.0,2775968000.0,235169000.0,1567498000.0,0,0,0.8,0.4,0.3,0.0,0.0
PTC,2024-12-31,565128000.0,453331000.0,115524000.0,82232000.0,0,148953000.0,6075364000.0,2845543000.0,196338000.0,1719881000.0,0,0,0.8,0.2,0.1,0.0,0.0
FE,2025-09-30,4148000000.0,2503000000.0,830000000.0,441000000.0,0,1289000000.0,55884000000.0,41700000000.0,1431000000.0,27470000000.0,0,0,0.6,0.2,0.1,0.0,0.0
FE,2025-06-30,3380000000.0,2259000000.0,646000000.0,268000000.0,0,1078000000.0,54230000000.0,40059000000.0,569000000.0,25818000000.0,0,0,0.7,0.2,0.1,0.0,0.0
FE,2025-03-31,3765000000.0,2528000000.0,754000000.0,360000000.0,0,1201000000.0,52771000000.0,38909000000.0,132000000.0,24786000000.0,0,0,0.7,0.2,0.1,0.0,0.0
FE,2024-12-31,3176000000.0,2171000000.0,613000000.0,261000000.0,0,1021000000.0,52044000000.0,38324000000.0,111000000.0,24023000000.0,0,0,0.7,0.2,0.1,0.0,0.0
DRI,2025-11-30,3102100000.0,2138400000.0,320400000.0,237200000.0,0,453100000.0,12940200000.0,10859800000.0,224100000.0,6406800000.0,0,0,0.7,0.1,0.1,0.1,0.0
DRI,2025-08-31,3044700000.0,2115600000.0,339200000.0,257800000.0,0,428900000.0,12759600000.0,10534000000.0,211000000.0,8015800000.0,0,0,0.7,0.1,0.1,0.1,0.0
DRI,2025-05-31,3271700000.0,764800000.0,382800000.0,303800000.0,0,520100000.0,12587000000.0,10275700000.0,240000000.0,7773500000.0,0,0,0.2,0.1,0.1,0.1,0.0
DRI,2025-02-28,3158000000.0,702300000.0,418200000.0,323400000.0,0,550200000.0,12560900000.0,10357900000.0,224200000.0,6079200000.0,0,0,0.2,0.1,0.1,0.1,0.0
HAL,2025-09-30,5600000000.0,862000000.0,748000000.0,18000000.0,0,592000000.0,25164000000.0,14918000000.0,2026000000.0,8567000000.0,0,0,0.2,0.1,0.0,0.0,0.0
HAL,2025-06-30,5510000000.0,819000000.0,727000000.0,472000000.0,0,1005000000.0,25377000000.0,14830000000.0,2038000000.0,8561000000.0,0,0,0.1,0.1,0.1,0.0,0.0
HAL,2025-03-31,5417000000.0,879000000.0,431000000.0,204000000.0,0,694000000.0,25179000000.0,14770000000.0,1804000000.0,8574000000.0,0,0,0.2,0.1,0.0,0.0,0.0
HAL,2024-12-31,5610000000.0,1026000000.0,932000000.0,615000000.0,0,1177000000.0,25587000000.0,15039000000.0,2618000000.0,8602000000.0,0,0,0.2,0.2,0.1,0.1,0.0
FOX,2025-09-30,3738000000.0,1556000000.0,967000000.0,599000000.0,0,947000000.0,22766000000.0,10374000000.0,4368000000.0,7452000000.0,0,0,0.4,0.3,0.2,0.0,0.0
FOX,2025-06-30,3287000000.0,1426000000.0,836000000.0,717000000.0,0,1151000000.0,23195000000.0,10840000000.0,5351000000.0,7465000000.0,0,0,0.4,0.3,0.2,0.1,0.0
FOX,2025-03-31,4371000000.0,1311000000.0,760000000.0,346000000.0,0,663000000.0,23367000000.0,11501000000.0,4815000000.0,8107000000.0,0,0,0.3,0.2,0.1,0.0,0.0
FOX,2024-12-31,5078000000.0,1205000000.0,680000000.0,373000000.0,0,729000000.0,23022000000.0,11211000000.0,3322000000.0,8122000000.0,0,0,0.2,0.1,0.1,0.0,0.0
FOXA,2025-09-30,3738000000.0,2861000000.0,674000000.0,599000000.0,0,947000000.0,22766000000.0,10374000000.0,4368000000.0,7452000000.0,0,0,0.8,0.2,0.2,0.0,0.0
FOXA,2025-06-30,3287000000.0,1426000000.0,836000000.0,717000000.0,0,1151000000.0,23195000000.0,10840000000.0,5351000000.0,7465000000.0,0,0,0.4,0.3,0.2,0.1,0.0
FOXA,2025-03-31,4371000000.0,1311000000.0,760000000.0,346000000.0,0,663000000.0,23367000000.0,11501000000.0,4815000000.0,8107000000.0,0,0,0.3,0.2,0.1,0.0,0.0
FOXA,2024-12-31,5078000000.0,1205000000.0,680000000.0,373000000.0,0,729000000.0,23022000000.0,11211000000.0,3322000000.0,8122000000.0,0,0,0.2,0.1,0.1,0.0,0.0
HUBB,2025-09-30,1502400000.0,544300000.0,330600000.0,255500000.0,0,374100000.0,7526900000.0,3833900000.0,666800000.0,2149700000.0,0,0,0.4,0.2,0.2,0.1,0.0
HUBB,2025-06-30,1484300000.0,552100000.0,336300000.0,244200000.0,0,378200000.0,7149000000.0,3650200000.0,382600000.0,2000700000.0,0,0,0.4,0.2,0.2,0.1,0.0
HUBB,2025-03-31,1365200000.0,451200000.0,239000000.0,169700000.0,0,280400000.0,6922100000.0,3649900000.0,346900000.0,2010500000.0,0,0,0.3,0.2,0.1,0.1,0.0
HUBB,2024-12-31,1334300000.0,450600000.0,258100000.0,197000000.0,0,311700000.0,6679100000.0,3396400000.0,329100000.0,1719600000.0,0,0,0.3,0.2,0.1,0.1,0.0
WDC,2025-09-30,2818000000.0,1227000000.0,792000000.0,1182000000.0,0,1484000000.0,14359000000.0,8471000000.0,2048000000.0,5044000000.0,0,0,0.4,0.3,0.4,0.2,0.1
WDC,2025-06-30,2605000000.0,1067000000.0,680000000.0,257000000.0,0,507000000.0,14002000000.0,8691000000.0,2114000000.0,5081000000.0,0,0,0.4,0.3,0.1,0.0,0.0
WDC,2025-03-31,2294000000.0,912000000.0,760000000.0,524000000.0,0,275000000.0,16368000000.0,11191000000.0,3477000000.0,7709000000.0,0,0,0.4,0.3,0.2,0.1,0.0
WDC,2024-12-31,4285000000.0,1516000000.0,852000000.0,594000000.0,0,956000000.0,25456000000.0,13339000000.0,2291000000.0,7938000000.0,0,0,0.4,0.2,0.1,0.0,0.0
DVN,2025-09-30,4251000000.0,1016000000.0,902000000.0,687000000.0,0,1916000000.0,31221000000.0,15871000000.0,1278000000.0,8549000000.0,0,0,0.2,0.2,0.2,0.0,0.0
DVN,2025-06-30,4048000000.0,858000000.0,754000000.0,899000000.0,0,2205000000.0,31390000000.0,16098000000.0,1759000000.0,8991000000.0,0,0,0.2,0.2,0.2,0.1,0.0
DVN,2025-03-31,4374000000.0,1104000000.0,974000000.0,494000000.0,0,1691000000.0,30928000000.0,16155000000.0,1234000000.0,8957000000.0,0,0,0.3,0.2,0.1,0.0,0.0
DVN,2024-12-31,4203000000.0,937000000.0,782000000.0,639000000.0,0,1950000000.0,30489000000.0,15785000000.0,846000000.0,9203000000.0,0,0,0.2,0.2,0.2,0.0,0.0
RF,2025-09-30,2455000000.0,1811000000.0,708000000.0,569000000.0,0,729000000.0,159940000000.0,140845000000.0,3073000000.0,6085000000.0,0,0,0.7,0.3,0.2,0.0,0.0
RF,2025-06-30,2430000000.0,1779000000.0,706000000.0,563000000.0,0,725000000.0,159206000000.0,140500000000.0,11175000000.0,5279000000.0,0,0,0.7,0.3,0.2,0.0,0.0
RF,2025-03-31,2315000000.0,1660000000.0,621000000.0,490000000.0,0,643000000.0,159846000000.0,141279000000.0,14316000000.0,6019000000.0,0,0,0.7,0.3,0.2,0.0,0.0
RF,2024-12-31,2387000000.0,1695000000.0,657000000.0,534000000.0,0,678000000.0,157302000000.0,139392000000.0,10712000000.0,6493000000.0,0,0,0.7,0.3,0.2,0.0,0.0
WRB,2025-09-30,3768236000.0,687055000.0,667304000.0,511032000.0,0,679473000.0,43715217000.0,33910214000.0,2404019000.0,2839858000.0,0,0,0.2,0.2,0.1,0.1,0.0
WRB,2025-06-30,3670808000.0,676077000.0,521863000.0,401288000.0,0,539671000.0,42658057000.0,33353249000.0,1984529000.0,2841806000.0,0,0,0.2,0.1,0.1,0.0,0.0
WRB,2025-03-31,3547399000.0,785115000.0,538606000.0,417571000.0,0,560547000.0,41345792000.0,32419420000.0,1720209000.0,2842810000.0,0,0,0.2,0.2,0.1,0.0,0.0
WRB,2024-12-31,3667568000.0,925979000.0,728301000.0,576101000.0,0,746407000.0,40567268000.0,32159829000.0,1974747000.0,2840966000.0,0,0,0.3,0.2,0.2,0.1,0.0
ON,2025-09-30,1550900000.0,587200000.0,264400000.0,255000000.0,0,437200000.0,13010200000.0,5084100000.0,2472500000.0,3632800000.0,0,0,0.4,0.2,0.2,0.0,0.0
ON,2025-06-30,1468700000.0,551900000.0,193400000.0,170300000.0,0,376500000.0,13126200000.0,5165000000.0,2526700000.0,3374800000.0,0,0,0.4,0.1,0.1,0.0,0.0
ON,2025-03-31,1445700000.0,293800000.0,-573700000.0,-486100000.0,0,-374800000.0,13253900000.0,5205000000.0,2762500000.0,3370300000.0,0,0,0.2,-0.4,-0.3,-0.1,-0.0
ON,2024-12-31,1722500000.0,779100000.0,408600000.0,379900000.0,0,624400000.0,14089800000.0,5275300000.0,2691300000.0,3366900000.0,0,0,0.5,0.2,0.2,0.0,0.0
IFF,2025-09-30,2694000000.0,983000000.0,226000000.0,40000000.0,0,351000000.0,25768000000.0,11495000000.0,621000000.0,7145000000.0,0,0,0.4,0.1,0.0,0.0,0.0
IFF,2025-06-30,2764000000.0,1030000000.0,198000000.0,612000000.0,0,837000000.0,26121000000.0,11685000000.0,816000000.0,6850000000.0,0,0,0.4,0.1,0.2,0.0,0.0
IFF,2025-03-31,2843000000.0,1035000000.0,-903000000.0,-1018000000.0,0,-687000000.0,28265000000.0,15052000000.0,613000000.0,9911000000.0,0,0,0.4,-0.3,-0.4,-0.1,-0.0
IFF,2024-12-31,2771000000.0,980000000.0,127000000.0,-46000000.0,0,197000000.0,28667000000.0,14756000000.0,469000000.0,9621000000.0,0,0,0.4,0.0,-0.0,-0.0,-0.0
WY,2025-09-30,1766000000.0,253000000.0,123000000.0,80000000.0,0,240000000.0,16668000000.0,7230000000.0,401000000.0,5494000000.0,0,0,0.1,0.1,0.0,0.0,0.0
WY,2025-06-30,1884000000.0,325000000.0,178000000.0,87000000.0,0,290000000.0,16478000000.0,6954000000.0,592000000.0,5191000000.0,0,0,0.2,0.1,0.0,0.0,0.0
WY,2025-03-31,1763000000.0,335000000.0,179000000.0,83000000.0,0,290000000.0,16520000000.0,6875000000.0,560000000.0,5189000000.0,0,0,0.2,0.1,0.0,0.0,0.0
WY,2024-12-31,1708000000.0,304000000.0,141000000.0,81000000.0,0,266000000.0,16536000000.0,6815000000.0,684000000.0,5105000000.0,0,0,0.2,0.1,0.0,0.0,0.0
ATO,2025-09-30,737480000.0,412985000.0,219485000.0,174978000.0,0,431096000.0,28905706000.0,15346816000.0,203803000.0,9303506000.0,0,0,0.6,0.3,0.2,0.0,0.0
ATO,2025-06-30,838774000.0,377048000.0,252067000.0,186342000.0,0,452853000.0,27712527000.0,14326689000.0,709378000.0,9000753000.0,0,0,0.4,0.3,0.2,0.0,0.0
ATO,2025-03-31,1950502000.0,937973000.0,628939000.0,485576000.0,0,835861000.0,26980381000.0,13842416000.0,543504000.0,8506464000.0,0,0,0.5,0.3,0.2,0.0,0.0
ATO,2024-12-31,1175999000.0,734907000.0,459480000.0,351858000.0,0,664647000.0,26497093000.0,13716612000.0,584536000.0,8510133000.0,0,0,0.6,0.4,0.3,0.0,0.0
NTRS,2025-09-30,3578900000.0,2042400000.0,619500000.0,457600000.0,0,815300000.0,170263300000.0,157307300000.0,56710200000.0,15644900000.0,0,0,0.6,0.2,0.1,0.0,0.0
NTRS,2025-06-30,3600200000.0,1981400000.0,564800000.0,421300000.0,0,760500000.0,171883600000.0,159017100000.0,61101500000.0,16687800000.0,0,0,0.6,0.2,0.1,0.0,0.0
NTRS,2025-03-31,3512700000.0,1938900000.0,521400000.0,392000000.0,0,712100000.0,165071200000.0,152192700000.0,58808900000.0,16142700000.0,0,0,0.6,0.1,0.1,0.0,0.0
NTRS,2024-12-31,3675800000.0,1970100000.0,594200000.0,455400000.0,0,777100000.0,155508400000.0,142720000000.0,45397300000.0,15993500000.0,0,0,0.5,0.2,0.1,0.0,0.0
EXPE,2025-09-30,4412000000.0,4036000000.0,1036000000.0,959000000.0,0,1418000000.0,25108000000.0,22515000000.0,7262000000.0,6478000000.0,0,0,0.9,0.2,0.2,0.4,0.0
EXPE,2025-06-30,3786000000.0,3409000000.0,485000000.0,330000000.0,0,704000000.0,26976000000.0,24890000000.0,6304000000.0,6482000000.0,0,0,0.9,0.1,0.1,0.2,0.0
EXPE,2025-03-31,2988000000.0,2631000000.0,-70000000.0,-200000000.0,0,60000000.0,26114000000.0,23793000000.0,5715000000.0,6467000000.0,0,0,0.9,-0.0,-0.1,-0.1,-0.0
EXPE,2024-12-31,3184000000.0,2849000000.0,216000000.0,299000000.0,0,609000000.0,22388000000.0,19589000000.0,4183000000.0,6531000000.0,0,0,0.9,0.1,0.1,0.1,0.0
ZBH,2025-09-30,2001400000.0,1442100000.0,351300000.0,230900000.0,0,638200000.0,23488000000.0,10722000000.0,1292700000.0,8112600000.0,0,0,0.7,0.2,0.1,0.0,0.0
ZBH,2025-06-30,2077300000.0,1485100000.0,300000000.0,152800000.0,0,575700000.0,22865100000.0,10330800000.0,556900000.0,7572500000.0,0,0,0.7,0.1,0.1,0.0,0.0
ZBH,2025-03-31,1909100000.0,1359300000.0,292300000.0,182000000.0,0,549600000.0,22183900000.0,9780100000.0,1384500000.0,7176300000.0,0,0,0.7,0.2,0.1,0.0,0.0
ZBH,2024-12-31,2023200000.0,1436500000.0,389000000.0,239500000.0,0,614500000.0,21365300000.0,8889100000.0,525500000.0,6204600000.0,0,0,0.7,0.2,0.1,0.0,0.0
STE,2025-09-30,1460300000.0,645900000.0,268000000.0,191900000.0,0,389700000.0,10410700000.0,3388100000.0,319200000.0,2058600000.0,0,0,0.4,0.2,0.1,0.0,0.0
STE,2025-06-30,1391100000.0,628000000.0,246000000.0,177400000.0,0,367200000.0,10405000000.0,3435100000.0,279700000.0,2068900000.0,0,0,0.5,0.2,0.1,0.0,0.0
STE,2025-03-31,1480531000.0,641211000.0,216151000.0,145672000.0,0,336775000.0,10146811000.0,3531054000.0,171701000.0,2202540000.0,0,0,0.4,0.1,0.1,0.0,0.0
STE,2024-12-31,1370570000.0,610332000.0,245293000.0,173534000.0,0,373752000.0,10008362000.0,3579816000.0,155178000.0,2319893000.0,0,0,0.4,0.2,0.1,0.0,0.0
CINF,2025-09-30,3726000000.0,2186000000.0,1413000000.0,1122000000.0,0,1459000000.0,40567000000.0,25161000000.0,1460000000.0,883000000.0,0,0,0.6,0.4,0.3,0.1,0.0
CINF,2025-06-30,3248000000.0,1588000000.0,855000000.0,685000000.0,0,915000000.0,38842000000.0,24541000000.0,995000000.0,884000000.0,0,0,0.5,0.3,0.2,0.0,0.0
CINF,2025-03-31,2566000000.0,598000000.0,-128000000.0,-90000000.0,0,-68000000.0,37276000000.0,23558000000.0,1010000000.0,878000000.0,0,0,0.2,-0.0,-0.0,-0.0,-0.0
CINF,2024-12-31,2538000000.0,1208000000.0,479000000.0,405000000.0,0,507000000.0,36501000000.0,22566000000.0,983000000.0,875000000.0,0,0,0.5,0.2,0.2,0.0,0.0
CBOE,2025-09-30,1141700000.0,547300000.0,375000000.0,299300000.0,0,405900000.0,9068600000.0,4183700000.0,1496700000.0,1594700000.0,0,0,0.5,0.3,0.3,0.1,0.0
CBOE,2025-06-30,1173500000.0,587300000.0,339100000.0,235100000.0,0,377400000.0,9048300000.0,4383200000.0,1256300000.0,1600800000.0,0,0,0.5,0.3,0.2,0.1,0.0
CBOE,2025-03-31,1195000000.0,565200000.0,353900000.0,250600000.0,0,393300000.0,8667300000.0,4215200000.0,1047200000.0,1603600000.0,0,0,0.5,0.3,0.2,0.1,0.0
CBOE,2024-12-31,1107600000.0,524500000.0,298500000.0,196500000.0,0,324700000.0,7789100000.0,3509500000.0,920300000.0,1599300000.0,0,0,0.5,0.3,0.2,0.0,0.0
SBAC,2025-09-30,732327000.0,542538000.0,374170000.0,236816000.0,0,486119000.0,11260239000.0,16117617000.0,430306000.0,15016526000.0,0,0,0.7,0.5,0.3,0.0,0.0
SBAC,2025-06-30,698981000.0,520998000.0,334781000.0,225794000.0,0,448678000.0,10766387000.0,15640125000.0,275275000.0,14805725000.0,0,0,0.7,0.5,0.3,0.0,0.0
SBAC,2025-03-31,664248000.0,503203000.0,334910000.0,220732000.0,0,432985000.0,10442917000.0,15351016000.0,636447000.0,14641132000.0,0,0,0.8,0.5,0.3,0.0,0.0
SBAC,2024-12-31,693700000.0,535004000.0,382339000.0,173630000.0,0,462506000.0,11417336000.0,16473142000.0,189841000.0,15756194000.0,0,0,0.8,0.6,0.3,0.0,0.0
CNP,2025-09-30,1961000000.0,1000000000.0,475000000.0,252000000.0,0,889000000.0,45049000000.0,34014000000.0,67000000.0,22938000000.0,0,0,0.5,0.2,0.1,0.0,0.0
CNP,2025-06-30,1944000000.0,927000000.0,417000000.0,198000000.0,0,818000000.0,44099000000.0,33080000000.0,93000000.0,21618000000.0,0,0,0.5,0.2,0.1,0.0,0.0
CNP,2025-03-31,2920000000.0,1166000000.0,649000000.0,297000000.0,0,979000000.0,44486000000.0,33531000000.0,1254000000.0,22187000000.0,0,0,0.4,0.2,0.1,0.0,0.0
CNP,2024-12-31,2262000000.0,976000000.0,483000000.0,248000000.0,0,858000000.0,43768000000.0,33102000000.0,24000000.0,20963000000.0,0,0,0.4,0.2,0.1,0.0,0.0
ES,2025-09-30,3220600000.0,1653005000.0,688682000.0,367549000.0,0,994146000.0,61702575000.0,45518757000.0,259340000.0,29836004000.0,0,0,0.5,0.2,0.1,0.0,0.0
ES,2025-06-30,2838100000.0,1551796000.0,663049000.0,352728000.0,0,1253111000.0,60956100000.0,45134741000.0,343693000.0,29779517000.0,0,0,0.5,0.2,0.1,0.0,0.0
ES,2025-03-31,4118400000.0,2290612000.0,926394000.0,550788000.0,0,1853766000.0,60194678000.0,44697853000.0,111362000.0,29434766000.0,0,0,0.6,0.2,0.1,0.0,0.0
ES,2024-12-31,2971488000.0,902327000.0,644839000.0,72520000.0,0,1027673000.0,59594529000.0,44399574000.0,26656000.0,29114852000.0,0,0,0.3,0.2,0.0,0.0,0.0
ERIE,2025-09-30,1304077000.0,446259000.0,210252000.0,182853000.0,0,228652000.0,3324328000.0,1015450000.0,568551000.0,0.0,0,0,0.3,0.2,0.1,0.1,0.1
ERIE,2025-06-30,1060097000.0,199173000.0,199173000.0,174685000.0,0,218931500.0,3128214000.0,943669000.0,332104000.0,35159000.0,0,0,0.2,0.2,0.2,0.1,0.1
ERIE,2025-03-31,989399000.0,151376000.0,151376000.0,138417000.0,0,171611500.0,2968228000.0,900877000.0,235215000.0,12706000.0,0,0,0.2,0.2,0.1,0.1,0.0
ERIE,2024-12-31,924090000.0,167310000.0,167310000.0,152029000.0,0,196597500.0,2888614000.0,901356000.0,274838000.0,7513000.0,0,0,0.2,0.2,0.2,0.1,0.1
BIIB,2025-09-30,2454800000.0,1578200000.0,613800000.0,466500000.0,0,826900000.0,29207500000.0,11000000000.0,3862800000.0,6590100000.0,0,0,0.6,0.3,0.2,0.0,0.0
BIIB,2025-06-30,2645500000.0,1699300000.0,588100000.0,634800000.0,0,1109900000.0,28330200000.0,10696200000.0,2758800000.0,6594600000.0,0,0,0.6,0.2,0.2,0.0,0.0
BIIB,2025-03-31,2431000000.0,1853100000.0,732600000.0,240500000.0,0,865100000.0,28033100000.0,11054400000.0,2598300000.0,6621200000.0,0,0,0.8,0.3,0.1,0.0,0.0
BIIB,2024-12-31,2454700000.0,1871200000.0,509000000.0,266700000.0,0,691700000.0,28049300000.0,11333300000.0,2375000000.0,6630300000.0,0,0,0.8,0.2,0.1,0.0,0.0
CFG,2025-09-30,3088000000.0,1964000000.0,629000000.0,494000000.0,0,748000000.0,222747000000.0,196918000000.0,12344000000.0,10655000000.0,0,0,0.6,0.2,0.2,0.0,0.0
CFG,2025-06-30,3007000000.0,1873000000.0,554000000.0,436000000.0,0,678000000.0,218310000000.0,193076000000.0,9228000000.0,12775000000.0,0,0,0.6,0.2,0.1,0.0,0.0
CFG,2025-03-31,2896000000.0,1782000000.0,468000000.0,373000000.0,0,591000000.0,220148000000.0,195282000000.0,12226000000.0,12314000000.0,0,0,0.6,0.2,0.1,0.0,0.0
CFG,2024-12-31,3026000000.0,1814000000.0,508000000.0,401000000.0,0,632000000.0,217521000000.0,193267000000.0,11236000000.0,12401000000.0,0,0,0.6,0.2,0.1,0.0,0.0
EIX,2025-09-30,5750000000.0,2874000000.0,1432000000.0,888000000.0,0,2413000000.0,90489000000.0,71159000000.0,456000000.0,39437000000.0,0,0,0.5,0.2,0.2,0.0,0.0
EIX,2025-06-30,4543000000.0,1806000000.0,775000000.0,398000000.0,0,1714000000.0,88813000000.0,69952000000.0,140000000.0,39526000000.0,0,0,0.4,0.2,0.1,0.0,0.0
EIX,2025-03-31,3811000000.0,1781000000.0,2134000000.0,1492000000.0,0,2983000000.0,88420000000.0,69623000000.0,1318000000.0,39560000000.0,0,0,0.5,0.6,0.4,0.1,0.0
EIX,2024-12-31,3984000000.0,1738000000.0,790000000.0,408000000.0,0,1635000000.0,85579000000.0,67839000000.0,193000000.0,37761000000.0,0,0,0.4,0.2,0.1,0.0,0.0
LH,2025-09-30,3563500000.0,1025100000.0,396600000.0,261100000.0,0,564000000.0,18261600000.0,9548600000.0,598100000.0,6529900000.0,0,0,0.3,0.1,0.1,0.0,0.0
LH,2025-06-30,3527300000.0,1046200000.0,394500000.0,237900000.0,0,532100000.0,18059900000.0,9570500000.0,647300000.0,6546000000.0,0,0,0.3,0.1,0.1,0.0,0.0
LH,2025-03-31,3345100000.0,948000000.0,326000000.0,212800000.0,0,498000000.0,17603800000.0,9282100000.0,369400000.0,6519600000.0,0,0,0.3,0.1,0.1,0.0,0.0
LH,2024-12-31,3329400000.0,896300000.0,216500000.0,143400000.0,0,417800000.0,18379000000.0,10312500000.0,1518700000.0,7272800000.0,0,0,0.3,0.1,0.0,0.0,0.0
STX,2025-09-30,2629000000.0,1037000000.0,707000000.0,549000000.0,0,766000000.0,8442000000.0,8505000000.0,1112000000.0,4994000000.0,0,0,0.4,0.3,0.2,0.0,0.1
STX,2025-06-30,2444000000.0,914000000.0,568000000.0,488000000.0,0,628000000.0,8023000000.0,8476000000.0,891000000.0,4995000000.0,0,0,0.4,0.2,0.2,0.0,0.1
STX,2025-03-31,2160000000.0,760000000.0,431000000.0,340000000.0,0,495000000.0,7564000000.0,8393000000.0,814000000.0,5146000000.0,0,0,0.4,0.2,0.2,0.0,0.0
STX,2024-12-31,2325000000.0,812000000.0,488000000.0,336000000.0,0,497000000.0,7959000000.0,9038000000.0,1238000000.0,5679000000.0,0,0,0.3,0.2,0.1,0.0,0.0
NRG,2025-09-30,7635000000.0,1034000000.0,422000000.0,152000000.0,0,786000000.0,23971000000.0,22001000000.0,762000000.0,12111000000.0,0,0,0.1,0.1,0.0,0.1,0.0
NRG,2025-06-30,6740000000.0,1111000000.0,43000000.0,-104000000.0,0,339000000.0,24088000000.0,21800000000.0,180000000.0,11116000000.0,0,0,0.2,0.0,-0.0,-0.0,-0.0
NRG,2025-03-31,8585000000.0,2024000000.0,1134000000.0,750000000.0,0,1474000000.0,24991000000.0,22214000000.0,693000000.0,10986000000.0,0,0,0.2,0.1,0.1,0.3,0.0
NRG,2024-12-31,6819000000.0,1948000000.0,954000000.0,643000000.0,0,1196000000.0,24022000000.0,21544000000.0,966000000.0,10991000000.0,0,0,0.3,0.1,0.1,0.3,0.0
MKC,2025-08-31,1724900000.0,645100000.0,288700000.0,225500000.0,0,359300000.0,13247000000.0,7463400000.0,94900000.0,4358300000.0,0,0,0.4,0.2,0.1,0.0,0.0
MKC,2025-05-31,1659500000.0,622800000.0,245800000.0,175000000.0,0,312700000.0,13190400000.0,7560000000.0,124100000.0,4454900000.0,0,0,0.4,0.1,0.1,0.0,0.0
MKC,2025-02-28,1605500000.0,604000000.0,225200000.0,162300000.0,0,288800000.0,12899800000.0,7450100000.0,102800000.0,4307700000.0,0,0,0.4,0.1,0.1,0.0,0.0
MKC,2024-11-30,1798000000.0,722200000.0,306200000.0,215200000.0,0,368200000.0,13070300000.0,7753500000.0,186100000.0,4508500000.0,0,0,0.4,0.2,0.1,0.0,0.0
VRSN,2025-09-30,419100000.0,370300000.0,284300000.0,212800000.0,0,297900000.0,1403700000.0,3454200000.0,235400000.0,1787600000.0,0,0,0.9,0.7,0.5,0.0,0.2
VRSN,2025-06-30,409900000.0,360800000.0,280700000.0,207400000.0,0,294500000.0,1407800000.0,3401600000.0,314300000.0,1791600000.0,0,0,0.9,0.7,0.5,0.0,0.1
VRSN,2025-03-31,402300000.0,352900000.0,271200000.0,199300000.0,0,287600000.0,1447700000.0,3424700000.0,575400000.0,1791700000.0,0,0,0.9,0.7,0.5,0.0,0.1
VRSN,2024-12-31,395400000.0,347000000.0,263800000.0,191500000.0,0,275700000.0,1406500000.0,3364400000.0,206700000.0,1801500000.0,0,0,0.9,0.7,0.5,0.0,0.1
CTRA,2025-09-30,1817000000.0,646000000.0,471000000.0,322000000.0,0,1092000000.0,24007000000.0,9289000000.0,98000000.0,4117000000.0,0,0,0.4,0.3,0.2,0.0,0.0
CTRA,2025-06-30,1733000000.0,556000000.0,472000000.0,511000000.0,0,1290000000.0,23982000000.0,9426000000.0,192000000.0,4389000000.0,0,0,0.3,0.3,0.3,0.0,0.0
CTRA,2025-03-31,2016000000.0,906000000.0,814000000.0,516000000.0,0,1216000000.0,23951000000.0,9727000000.0,186000000.0,4522000000.0,0,0,0.4,0.4,0.3,0.0,0.0
CTRA,2024-12-31,1446000000.0,461000000.0,377000000.0,297000000.0,0,823000000.0,21625000000.0,8503000000.0,2038000000.0,3802000000.0,0,0,0.3,0.3,0.2,0.0,0.0
ZBRA,2025-09-30,1320000000.0,634000000.0,183000000.0,101000000.0,0,320000000.0,8067000000.0,4320000000.0,1053000000.0,2360000000.0,0,0,0.5,0.1,0.1,0.0,0.0
ZBRA,2025-06-30,1293000000.0,616000000.0,183000000.0,112000000.0,0,206000000.0,7938000000.0,4321000000.0,872000000.0,2360000000.0,0,0,0.5,0.1,0.1,0.0,0.0
ZBRA,2025-03-31,1308000000.0,645000000.0,195000000.0,136000000.0,0,229000000.0,7899000000.0,4273000000.0,879000000.0,2361000000.0,0,0,0.5,0.1,0.1,0.0,0.0
ZBRA,2024-12-31,1334000000.0,648000000.0,225000000.0,163000000.0,0,309000000.0,7968000000.0,4382000000.0,901000000.0,2362000000.0,0,0,0.5,0.2,0.1,0.0,0.0
TSN,2025-09-30,13860000000.0,726000000.0,158000000.0,47000000.0,0,506000000.0,36658000000.0,18431000000.0,1229000000.0,8830000000.0,0,0,0.1,0.0,0.0,0.0,0.0
TSN,2025-06-30,13884000000.0,1141000000.0,260000000.0,61000000.0,0,635000000.0,36464000000.0,17996000000.0,1547000000.0,9065000000.0,0,0,0.1,0.0,0.0,0.0,0.0
TSN,2025-03-31,13074000000.0,600000000.0,100000000.0,7000000.0,0,492000000.0,36280000000.0,17749000000.0,992000000.0,9068000000.0,0,0,0.0,0.0,0.0,0.0,0.0
TSN,2024-12-31,13623000000.0,1095000000.0,580000000.0,359000000.0,0,946000000.0,37310000000.0,18683000000.0,2292000000.0,9806000000.0,0,0,0.1,0.0,0.0,0.0,0.0
KEY,2025-09-30,1842000000.0,0.0,0.0,489000000.0,0,0.0,187409000000.0,167307000000.0,1938000000.0,10917000000.0,0,0,0.0,0.0,0.3,0.0,0.0
KEY,2025-06-30,2833000000.0,1779000000.0,602000000.0,489000000.0,0,602000000.0,187409000000.0,167307000000.0,1938000000.0,12266000000.0,0,0,0.6,0.2,0.2,0.0,0.0
KEY,2025-03-31,2698000000.0,1606000000.0,515000000.0,405000000.0,0,518000000.0,188691000000.0,169688000000.0,1909000000.0,14742000000.0,0,0,0.6,0.2,0.2,0.0,0.0
KEY,2024-12-31,1874000000.0,754000000.0,-413000000.0,-244000000.0,0,-408000000.0,187168000000.0,168992000000.0,1743000000.0,14249000000.0,0,0,0.4,-0.2,-0.1,-0.0,-0.0
STLD,2025-09-30,4828215000.0,750990000.0,507757000.0,403685000.0,0,665906000.0,15965030000.0,6994705000.0,770356000.0,3782455000.0,0,0,0.2,0.1,0.1,0.0,0.0
STLD,2025-06-30,4565123000.0,618468000.0,382855000.0,298726000.0,0,538112000.0,15548638000.0,6704588000.0,458048000.0,3781019000.0,0,0,0.1,0.1,0.1,0.0,0.0
STLD,2025-03-31,4369195000.0,486544000.0,275144000.0,217151000.0,0,426541000.0,15930428000.0,7096534000.0,1186917000.0,4196079000.0,0,0,0.1,0.1,0.0,0.0,0.0
STLD,2024-12-31,3872138000.0,441734000.0,237502000.0,207293000.0,0,384092000.0,14935233000.0,5989987000.0,589464000.0,3231007000.0,0,0,0.1,0.1,0.1,0.0,0.0
CMS,2025-09-30,2021000000.0,588000000.0,481000000.0,277000000.0,0,831000000.0,38008000000.0,28577000000.0,362000000.0,18073000000.0,0,0,0.3,0.2,0.1,0.0,0.0
CMS,2025-06-30,1838000000.0,714000000.0,317000000.0,201000000.0,0,755000000.0,37699000000.0,28728000000.0,844000000.0,18045000000.0,0,0,0.4,0.2,0.1,0.0,0.0
CMS,2025-03-31,2447000000.0,1044000000.0,494000000.0,304000000.0,0,933000000.0,36295000000.0,27372000000.0,465000000.0,16966000000.0,0,0,0.4,0.2,0.1,0.0,0.0
CMS,2024-12-31,1989000000.0,877000000.0,425000000.0,265000000.0,0,812000000.0,35920000000.0,27172000000.0,103000000.0,16590000000.0,0,0,0.4,0.2,0.1,0.0,0.0
CLX,2025-09-30,1429000000.0,594000000.0,123000000.0,80000000.0,0,189000000.0,5528000000.0,5390000000.0,166000000.0,3078000000.0,0,0,0.4,0.1,0.1,0.6,0.0
CLX,2025-06-30,1988000000.0,921000000.0,422000000.0,332000000.0,0,492000000.0,5561000000.0,5079000000.0,167000000.0,2880000000.0,0,0,0.5,0.2,0.2,0.7,0.1
CLX,2025-03-31,1668000000.0,739000000.0,238000000.0,186000000.0,0,336000000.0,5512000000.0,5322000000.0,226000000.0,2944000000.0,0,0,0.4,0.1,0.1,1.0,0.0
CLX,2024-12-31,1686000000.0,735000000.0,233000000.0,193000000.0,0,315000000.0,5577000000.0,5456000000.0,290000000.0,3092000000.0,0,0,0.4,0.1,0.1,1.6,0.0
PODD,2025-09-30,706300000.0,510100000.0,117700000.0,87600000.0,0,160400000.0,3029300000.0,1645200000.0,757400000.0,1031300000.0,0,0,0.7,0.2,0.1,0.1,0.0
PODD,2025-06-30,649100000.0,452200000.0,121100000.0,22500000.0,0,70300000.0,3469200000.0,2006200000.0,992900000.0,1417400000.0,0,0,0.7,0.2,0.0,0.0,0.0
PODD,2025-03-31,569000000.0,409000000.0,88800000.0,35400000.0,0,79000000.0,3517300000.0,2186600000.0,1283100000.0,1695400000.0,0,0,0.7,0.2,0.1,0.0,0.0
PODD,2024-12-31,597500000.0,430900000.0,109300000.0,100700000.0,0,141500000.0,3087700000.0,1876100000.0,953400000.0,1422000000.0,0,0,0.7,0.2,0.2,0.1,0.0
IP,2025-09-30,6222000000.0,1935000000.0,-426000000.0,-1102000000.0,0,424000000.0,40568000000.0,23251000000.0,995000000.0,10412000000.0,0,0,0.3,-0.1,-0.2,-0.1,-0.0
IP,2025-06-30,6767000000.0,1891000000.0,206000000.0,75000000.0,0,739000000.0,42376000000.0,23759000000.0,1135000000.0,10394000000.0,0,0,0.3,0.0,0.0,0.0,0.0
IP,2025-03-31,5901000000.0,1642000000.0,-35000000.0,-105000000.0,0,569000000.0,41168000000.0,23076000000.0,1156000000.0,10096000000.0,0,0,0.3,-0.0,-0.0,-0.0,-0.0
IP,2024-12-31,4580000000.0,1330000000.0,-72000000.0,-147000000.0,0,383000000.0,22800000000.0,14627000000.0,1170000000.0,5853000000.0,0,0,0.3,-0.0,-0.0,-0.0,-0.0
COO,2025-10-31,1065200000.0,601000000.0,140400000.0,84600000.0,0,215200000.0,12394800000.0,4155700000.0,110600000.0,2783600000.0,0,0,0.6,0.1,0.1,0.0,0.0
COO,2025-07-31,1060300000.0,692000000.0,175700000.0,98300000.0,0,272700000.0,12376700000.0,4023700000.0,124900000.0,2478300000.0,0,0,0.7,0.2,0.1,0.0,0.0
COO,2025-04-30,1002300000.0,679100000.0,184800000.0,87700000.0,0,261300000.0,12413600000.0,4125500000.0,116200000.0,2585400000.0,0,0,0.7,0.2,0.1,0.0,0.0
COO,2025-01-31,964700000.0,660200000.0,182000000.0,104300000.0,0,270300000.0,12222200000.0,4094700000.0,100900000.0,2539900000.0,0,0,0.7,0.2,0.1,0.0,0.0
BLDR,2025-09-30,3941190000.0,1199483000.0,228768000.0,122384000.0,0,376303000.0,11430883000.0,7114694000.0,296162000.0,5081157000.0,0,0,0.3,0.1,0.0,0.0,0.0
BLDR,2025-06-30,4234064000.0,1299041000.0,311287000.0,185031000.0,0,458811000.0,11464555000.0,7286463000.0,87020000.0,5314511000.0,0,0,0.3,0.1,0.0,0.0,0.0
BLDR,2025-03-31,3657496000.0,1115241000.0,184441000.0,96304000.0,0,329472000.0,11447615000.0,7073455000.0,115371000.0,5109226000.0,0,0,0.3,0.1,0.0,0.0,0.0
BLDR,2024-12-31,3820300000.0,1234100000.0,304100000.0,190200000.0,0,440588000.0,10583086000.0,6286616000.0,153624000.0,632182000.0,0,0,0.3,0.1,0.0,0.0,0.0
ULTA,2025-10-31,2857623000.0,1155665000.0,314745000.0,230875000.0,0,385206000.0,7012292000.0,4379278000.0,204921000.0,2574656000.0,0,0,0.4,0.1,0.1,0.1,0.0
ULTA,2025-07-31,2788469000.0,1091696000.0,349959000.0,260875000.0,0,417432000.0,6630648000.0,4026788000.0,242745000.0,2287827000.0,0,0,0.4,0.1,0.1,0.1,0.0
ULTA,2025-04-30,2848367000.0,1114219000.0,403606000.0,305052000.0,0,477357000.0,5986689000.0,3556386000.0,454629000.0,1975203000.0,0,0,0.4,0.1,0.1,0.1,0.1
ULTA,2025-01-31,3487619000.0,1333652000.0,518053000.0,393270000.0,0,588282000.0,6001693000.0,3513340000.0,703201000.0,1923234000.0,0,0,0.4,0.1,0.1,0.2,0.1
PKG,2025-09-30,2313400000.0,504300000.0,324500000.0,226900000.0,0,477100000.0,10980000000.0,6224500000.0,634000000.0,4356900000.0,0,0,0.2,0.1,0.1,0.0,0.0
PKG,2025-06-30,2171300000.0,483000000.0,333700000.0,241500000.0,0,474300000.0,9041200000.0,4409100000.0,787900000.0,2810800000.0,0,0,0.2,0.2,0.1,0.1,0.0
PKG,2025-03-31,2141000000.0,454700000.0,280300000.0,203800000.0,0,418300000.0,8969800000.0,4470600000.0,751700000.0,2802500000.0,0,0,0.2,0.1,0.1,0.0,0.0
PKG,2024-12-31,2146100000.0,469700000.0,302200000.0,221100000.0,0,439300000.0,8833200000.0,4429200000.0,685000000.0,2771500000.0,0,0,0.2,0.1,0.1,0.1,0.0
INVH,2025-09-30,688166000.0,429129000.0,410685000.0,136738000.0,0,415976000.0,18782776000.0,9119826000.0,155370000.0,8230284000.0,0,0,0.6,0.6,0.2,0.0,0.0
INVH,2025-06-30,681401000.0,401290000.0,192244000.0,140887000.0,0,414236000.0,18662005000.0,8956709000.0,65112000.0,8174505000.0,0,0,0.6,0.3,0.2,0.0,0.0
INVH,2025-03-31,674479000.0,400291000.0,187627000.0,165745000.0,0,433682000.0,18578092000.0,8823078000.0,84387000.0,8103480000.0,0,0,0.6,0.3,0.2,0.0,0.0
INVH,2024-12-31,659130000.0,391428000.0,185577000.0,143110000.0,0,420640000.0,18700951000.0,8908442000.0,174491000.0,8202302000.0,0,0,0.6,0.3,0.2,0.0,0.0
ESS,2025-09-30,473303000.0,329867000.0,151720000.0,164621000.0,0,387544000.0,13150241000.0,7318968000.0,65959000.0,6714314000.0,0,0,0.7,0.3,0.3,0.0,0.0
ESS,2025-06-30,469833000.0,322416000.0,279700000.0,221362000.0,0,448289000.0,13181490000.0,7342654000.0,58679000.0,6812720000.0,0,0,0.7,0.6,0.5,0.0,0.0
ESS,2025-03-31,464583000.0,399820000.0,257081000.0,203110000.0,0,512824000.0,13186258000.0,7406307000.0,98735000.0,6844401000.0,0,0,0.9,0.6,0.4,0.0,0.0
ESS,2024-12-31,454469000.0,65647000.0,304496000.0,257453000.0,0,268409000.0,12927359000.0,7176120000.0,66795000.0,6654090000.0,0,0,0.1,0.7,0.6,0.0,0.0
LDOS,2025-09-30,4469000000.0,821000000.0,535000000.0,367000000.0,0,609000000.0,13542000000.0,8588000000.0,974000000.0,5229000000.0,0,0,0.2,0.1,0.1,0.1,0.0
LDOS,2025-06-30,4253000000.0,782000000.0,571000000.0,391000000.0,0,645000000.0,13549000000.0,8842000000.0,930000000.0,5702000000.0,0,0,0.2,0.1,0.1,0.1,0.0
LDOS,2025-03-31,4245000000.0,757000000.0,530000000.0,363000000.0,0,596000000.0,13197000000.0,8895000000.0,842000000.0,5736000000.0,0,0,0.2,0.1,0.1,0.1,0.0
LDOS,2024-12-31,4365000000.0,693000000.0,421000000.0,284000000.0,0,501000000.0,13104000000.0,8644000000.0,943000000.0,5291000000.0,0,0,0.2,0.1,0.1,0.1,0.0
PFG,2025-09-30,3681600000.0,1652600000.0,248400000.0,213800000.0,0,248400000.0,334491800000.0,322363800000.0,5137100000.0,3937600000.0,0,0,0.4,0.1,0.1,0.0,0.0
PFG,2025-06-30,3671300000.0,1821400000.0,503100000.0,406200000.0,0,503100000.0,323103800000.0,311245300000.0,3659000000.0,3947100000.0,0,0,0.5,0.1,0.1,0.0,0.0
PFG,2025-03-31,3695900000.0,1439000000.0,28900000.0,48100000.0,0,28900000.0,313003300000.0,301408300000.0,3875700000.0,4350200000.0,0,0,0.4,0.0,0.0,0.0,0.0
PFG,2024-12-31,4752000000.0,2508100000.0,1112400000.0,905400000.0,0,1112400000.0,313663600000.0,302194600000.0,4211900000.0,4108000000.0,0,0,0.5,0.2,0.2,0.1,0.0
TER,2025-09-30,769210000.0,449306000.0,145303000.0,119558000.0,0,175862000.0,3963731000.0,1246456000.0,272700000.0,68751000.0,0,0,0.6,0.2,0.2,0.0,0.0
TER,2025-06-30,651797000.0,373012000.0,90743000.0,78372000.0,0,128753000.0,3761862000.0,924561000.0,339252000.0,74461000.0,0,0,0.6,0.1,0.1,0.0,0.0
TER,2025-03-31,685680000.0,415336000.0,120803000.0,98896000.0,0,150121000.0,3705837000.0,908338000.0,475632000.0,68763000.0,0,0,0.6,0.2,0.1,0.0,0.0
TER,2024-12-31,752884000.0,447288000.0,153585000.0,146253000.0,0,189514000.0,3708714000.0,889420000.0,553354000.0,76621000.0,0,0,0.6,0.2,0.2,0.1,0.0
SNA,2025-09-30,1291900000.0,674800000.0,347400000.0,265399999.0,0,391700000.0,8355600000.0,2511800000.0,1534100000.0,1272100000.0,0,0,0.5,0.3,0.2,0.0,0.0
SNA,2025-06-30,1281100000.0,663700000.0,327300000.0,250300000.0,0,366000000.0,8201800000.0,2462300000.0,1458300000.0,1271100000.0,0,0,0.5,0.3,0.2,0.0,0.0
SNA,2025-03-31,1243200000.0,648800000.0,313400000.0,240500000.0,0,351800000.0,8069000000.0,2524900000.0,1434900000.0,1273900000.0,0,0,0.5,0.3,0.2,0.0,0.0
SNA,2024-12-31,1299200000.0,662800000.0,331900000.0,258100000.0,0,375800000.0,7896800000.0,2479800000.0,1360500000.0,1292800000.0,0,0,0.5,0.3,0.2,0.0,0.0
L,2025-09-30,4603000000.0,2088000000.0,689000000.0,504000000.0,0,801000000.0,85941000000.0,66718000000.0,567000000.0,9443000000.0,0,0,0.5,0.1,0.1,0.0,0.0
L,2025-06-30,4474000000.0,1920000000.0,539000000.0,391000000.0,0,646000000.0,84668000000.0,66279000000.0,447000000.0,8947000000.0,0,0,0.4,0.1,0.1,0.0,0.0
L,2025-03-31,4438000000.0,1940000000.0,514000000.0,370000000.0,0,619000000.0,83142000000.0,65108000000.0,560000000.0,8946000000.0,0,0,0.4,0.1,0.1,0.0,0.0
L,2024-12-31,4470000000.0,1978000000.0,188000000.0,187000000.0,0,298000000.0,81943000000.0,64006000000.0,541000000.0,8944000000.0,0,0,0.4,0.0,0.0,0.0,0.0
TRMB,2025-09-30,901200000.0,593900000.0,166000000.0,111500000.0,0,196300000.0,9019600000.0,3229600000.0,232700000.0,1391800000.0,0,0,0.7,0.2,0.1,0.0,0.0
TRMB,2025-06-30,875700000.0,597900000.0,127800000.0,89200000.0,0,182600000.0,9099200000.0,3411100000.0,265900000.0,1512400000.0,0,0,0.7,0.1,0.1,0.0,0.0
TRMB,2025-03-31,840600000.0,560800000.0,97500000.0,66700000.0,0,150900000.0,8898900000.0,3479800000.0,290000000.0,1391000000.0,0,0,0.7,0.1,0.1,0.0,0.0
TRMB,2024-12-31,875800000.0,575600000.0,116400000.0,40600000.0,0,140600000.0,9866700000.0,3991600000.0,1036900000.0,1912000000.0,0,0,0.7,0.1,0.0,0.0,0.0
LUV,2025-09-30,6949000000.0,1158000000.0,35000000.0,54000000.0,0,484000000.0,28312000000.0,20536000000.0,2902000000.0,5258000000.0,0,0,0.2,0.0,0.0,0.0,0.0
LUV,2025-06-30,7244000000.0,1358000000.0,225000000.0,213000000.0,0,706000000.0,28712000000.0,20712000000.0,3475000000.0,5341000000.0,0,0,0.2,0.0,0.0,0.0,0.0
LUV,2025-03-31,6428000000.0,867000000.0,-223000000.0,-149000000.0,0,239000000.0,33212000000.0,23847000000.0,8134000000.0,7995000000.0,0,0,0.1,-0.0,-0.0,-0.0,-0.0
LUV,2024-12-31,6930000000.0,1228000000.0,278000000.0,261000000.0,0,783000000.0,33750000000.0,23400000000.0,7509000000.0,8058000000.0,0,0,0.2,0.0,0.0,0.0,0.0
BBY,2025-10-31,9672000000.0,2248000000.0,385000000.0,140000000.0,0,217000000.0,16786000000.0,14133000000.0,1194000000.0,4093000000.0,0,0,0.2,0.0,0.0,0.1,0.0
BBY,2025-07-31,9438000000.0,2190000000.0,365000000.0,186000000.0,0,476000000.0,15253000000.0,12537000000.0,1713000000.0,4076000000.0,0,0,0.2,0.0,0.0,0.1,0.0
BBY,2025-04-30,8767000000.0,2049000000.0,328000000.0,202000000.0,0,445000000.0,14128000000.0,11365000000.0,1147000000.0,4051000000.0,0,0,0.2,0.0,0.0,0.1,0.0
BBY,2025-01-31,13948000000.0,2918000000.0,217000000.0,117000000.0,0,452000000.0,14782000000.0,11974000000.0,1578000000.0,4053000000.0,0,0,0.2,0.0,0.0,0.0,0.0
MAA,2025-09-30,554373000.0,163476000.0,150951000.0,99538000.0,0,306737000.0,11926585000.0,5912283000.0,32249000.0,5197359000.0,0,0,0.3,0.3,0.2,0.0,0.0
MAA,2025-06-30,549902000.0,164216000.0,151403000.0,108127000.0,0,309744000.0,11835597000.0,5745197000.0,54482000.0,5048143000.0,0,0,0.3,0.3,0.2,0.0,0.0
MAA,2025-03-31,549295000.0,175014000.0,159395000.0,181673000.0,0,384660000.0,11811957000.0,5654062000.0,55776000.0,5042166000.0,0,0,0.3,0.3,0.3,0.0,0.0
MAA,2024-12-31,549832000.0,176468000.0,162396000.0,166646000.0,0,367535000.0,11812369000.0,5664705000.0,43018000.0,5007048000.0,0,0,0.3,0.3,0.3,0.0,0.0
FDS,2025-11-30,607621000.0,319705000.0,192071000.0,152580000.0,0,255643000.0,4220784000.0,2052900000.0,275448000.0,1560034000.0,0,0,0.5,0.3,0.3,0.1,0.0
FDS,2025-08-31,596901000.0,308231000.0,177321000.0,153616000.0,0,252385000.0,4304272000.0,2117859000.0,337651000.0,1558509000.0,0,0,0.5,0.3,0.3,0.1,0.0
FDS,2025-05-31,585520000.0,304791000.0,194155000.0,148542000.0,0,243890000.0,4338762000.0,2183580000.0,356361000.0,1620504000.0,0,0,0.5,0.3,0.3,0.1,0.0
FDS,2025-02-28,570660000.0,301056000.0,185492000.0,144860000.0,0,232159000.0,4241442000.0,2184525000.0,278548000.0,1663141000.0,0,0,0.5,0.3,0.3,0.1,0.0
DGX,2025-09-30,2816000000.0,949000000.0,386000000.0,245000000.0,0,547000000.0,16197000000.0,8821000000.0,432000000.0,6382000000.0,0,0,0.3,0.1,0.1,0.0,0.0
DGX,2025-06-30,2761000000.0,943000000.0,438000000.0,282000000.0,0,596000000.0,15969000000.0,8623000000.0,319000000.0,6384000000.0,0,0,0.3,0.2,0.1,0.0,0.0
DGX,2025-03-31,2652000000.0,863000000.0,346000000.0,220000000.0,0,488000000.0,15797000000.0,8754000000.0,188000000.0,6570000000.0,0,0,0.3,0.1,0.1,0.0,0.0
DGX,2024-12-31,2621000000.0,858000000.0,361000000.0,222000000.0,0,507000000.0,16153000000.0,9257000000.0,549000000.0,6925000000.0,0,0,0.3,0.1,0.1,0.0,0.0
FSLR,2025-09-30,1594856000.0,610745000.0,466095000.0,455943000.0,0,612528000.0,13459309000.0,4443997000.0,1992173000.0,891915000.0,0,0,0.4,0.3,0.3,0.1,0.0
FSLR,2025-06-30,1097170000.0,499850000.0,361607000.0,341868000.0,0,485998000.0,12858044000.0,4311914000.0,1124740000.0,1067070000.0,0,0,0.5,0.3,0.3,0.0,0.0
FSLR,2025-03-31,844568000.0,344403000.0,221244000.0,209535000.0,0,352460000.0,12116665000.0,3929331000.0,837641000.0,630392000.0,0,0,0.4,0.3,0.2,0.0,0.0
FSLR,2024-12-31,1514031000.0,567661000.0,456769000.0,393116000.0,0,581652000.0,12124361000.0,4146784000.0,1621376000.0,718802000.0,0,0,0.4,0.3,0.3,0.0,0.0
JBL,2025-11-30,8305000000.0,742000000.0,283000000.0,146000000.0,0,550000000.0,19276000000.0,17929000000.0,1572000000.0,3368000000.0,0,0,0.1,0.0,0.0,0.1,0.0
JBL,2025-08-31,8252000000.0,783000000.0,337000000.0,218000000.0,0,425000000.0,18543000000.0,17026000000.0,1933000000.0,3366000000.0,0,0,0.1,0.0,0.0,0.1,0.0
JBL,2025-05-31,7828000000.0,681000000.0,403000000.0,222000000.0,0,632000000.0,18587000000.0,17300000000.0,1523000000.0,3330000000.0,0,0,0.1,0.1,0.0,0.2,0.0
JBL,2025-02-28,6728000000.0,576000000.0,245000000.0,117000000.0,0,412000000.0,17396000000.0,16038000000.0,1592000000.0,3293000000.0,0,0,0.1,0.0,0.0,0.1,0.0
MOH,2025-09-30,11477000000.0,927000000.0,137000000.0,79000000.0,0,182000000.0,15698000000.0,11507000000.0,4221000000.0,3852000000.0,0,0,0.1,0.0,0.0,0.0,0.0
MOH,2025-06-30,11427000000.0,1167000000.0,373000000.0,255000000.0,0,431000000.0,16209000000.0,11606000000.0,4499000000.0,3563000000.0,0,0,0.1,0.0,0.0,0.1,0.0
MOH,2025-03-31,11147000000.0,1280000000.0,433000000.0,298000000.0,0,481000000.0,16386000000.0,12076000000.0,4856000000.0,3766000000.0,0,0,0.1,0.0,0.0,0.1,0.0
MOH,2024-12-31,10499000000.0,1113000000.0,380000000.0,251000000.0,0,428000000.0,15630000000.0,11134000000.0,4662000000.0,3118000000.0,0,0,0.1,0.0,0.0,0.1,0.0
NI,2025-09-30,1273100000.0,678400000.0,297500000.0,94700000.0,0,614300000.0,34402900000.0,23161100000.0,119500000.0,15763400000.0,0,0,0.5,0.2,0.1,0.0,0.0
NI,2025-06-30,1283000000.0,625000000.0,262900000.0,102200000.0,0,550100000.0,34028900000.0,23032000000.0,335400000.0,15756000000.0,0,0,0.5,0.2,0.1,0.0,0.0
NI,2025-03-31,2183200000.0,1107900000.0,759400000.0,474800000.0,0,1023800000.0,33105100000.0,22159100000.0,259400000.0,14885100000.0,0,0,0.5,0.3,0.2,0.0,0.0
NI,2024-12-31,1587800000.0,789500000.0,416800000.0,223900000.0,0,713900000.0,31788100000.0,21119800000.0,156600000.0,13960300000.0,0,0,0.5,0.3,0.1,0.0,0.0
J,2025-09-30,3154644000.0,766912000.0,211554000.0,110745000.0,0,284333000.0,11252535000.0,6585936000.0,1235448000.0,2709857000.0,0,0,0.2,0.1,0.0,0.0,0.0
J,2025-06-30,3029168000.0,755810000.0,254668000.0,186210000.0,0,342477000.0,11412840000.0,6673238000.0,1293307000.0,3004278000.0,0,0,0.2,0.1,0.1,0.0,0.0
J,2025-03-31,2910415000.0,738345000.0,208648000.0,5612000.0,0,152482000.0,11210695000.0,6515994000.0,1204649000.0,3115205000.0,0,0,0.3,0.1,0.0,0.0,0.0
J,2024-12-31,2932956000.0,721267000.0,208418000.0,-18130000.0,0,147550000.0,11610849000.0,6589290000.0,1299657000.0,3034074000.0,0,0,0.2,0.1,-0.0,-0.0,-0.0
FFIV,2025-09-30,810090000.0,666209000.0,205653000.0,190493000.0,0,240040000.0,6319492000.0,2727493000.0,1344273000.0,230749000.0,0,0,0.8,0.3,0.2,0.1,0.0
FFIV,2025-06-30,780370000.0,641992000.0,196317000.0,189912000.0,0,218788000.0,6113499000.0,2641815000.0,1426957000.0,259818000.0,0,0,0.8,0.3,0.2,0.1,0.0
FFIV,2025-03-31,731123000.0,590164000.0,158897000.0,145530000.0,0,181368000.0,5906577000.0,2592532000.0,1259282000.0,266818000.0,0,0,0.8,0.2,0.2,0.0,0.0
FFIV,2024-12-31,766489000.0,625979000.0,205082000.0,166445000.0,0,239069000.0,5900641000.0,2664890000.0,1150907000.0,274324000.0,0,0,0.8,0.3,0.2,0.1,0.0
JBHT,2025-09-30,3052897000.0,340469000.0,242658000.0,170849000.0,0,421783000.0,8107652000.0,4535786000.0,52290000.0,1601854000.0,0,0,0.1,0.1,0.1,0.0,0.0
JBHT,2025-06-30,2928181000.0,513642000.0,197274000.0,128624000.0,0,374254000.0,8241134000.0,4585804000.0,50901000.0,1719360000.0,0,0,0.2,0.1,0.0,0.0,0.0
JBHT,2025-03-31,2921392000.0,489007000.0,178680000.0,117740000.0,0,358156000.0,8255673000.0,4389000000.0,43407000.0,1579466000.0,0,0,0.2,0.1,0.0,0.0,0.0
JBHT,2024-12-31,3146348000.0,530353000.0,207039000.0,155454000.0,0,419854000.0,8527075000.0,4512570000.0,46983000.0,1789802000.0,0,0,0.2,0.1,0.0,0.0,0.0
GEN,2025-09-30,1220000000.0,954000000.0,438000000.0,134000000.0,0,504000000.0,16051000000.0,13594000000.0,691000000.0,8701000000.0,0,0,0.8,0.4,0.1,0.1,0.0
GEN,2025-06-30,1257000000.0,990000000.0,446000000.0,135000000.0,0,579000000.0,16360000000.0,13995000000.0,820000000.0,8863000000.0,0,0,0.8,0.4,0.1,0.1,0.0
GEN,2025-03-31,1010000000.0,811000000.0,417000000.0,142000000.0,0,526000000.0,15495000000.0,13226000000.0,1006000000.0,8315000000.0,0,0,0.8,0.4,0.1,0.1,0.0
GEN,2024-12-31,986000000.0,793000000.0,374000000.0,159000000.0,0,453000000.0,15363000000.0,13212000000.0,883000000.0,8531000000.0,0,0,0.8,0.4,0.2,0.1,0.0
PNR,2025-09-30,1022000000.0,418600000.0,231700000.0,184300000.0,0,246400000.0,6759600000.0,2977200000.0,128400000.0,1692900000.0,0,0,0.4,0.2,0.2,0.0,0.0
PNR,2025-06-30,1123100000.0,456600000.0,248600000.0,148500000.0,0,219300000.0,6479500000.0,2807300000.0,143000000.0,1508700000.0,0,0,0.4,0.2,0.1,0.0,0.0
PNR,2025-03-31,1010400000.0,403300000.0,203100000.0,154900000.0,0,231600000.0,6747200000.0,3113600000.0,140600000.0,1953800000.0,0,0,0.4,0.2,0.2,0.0,0.0
PNR,2024-12-31,972900000.0,377600000.0,195100000.0,166400000.0,0,228500000.0,6446500000.0,2883600000.0,118700000.0,1767100000.0,0,0,0.4,0.2,0.2,0.0,0.0
MAS,2025-09-30,1917000000.0,656000000.0,303000000.0,189000000.0,0,301000000.0,5311000000.0,5143000000.0,559000000.0,3173000000.0,0,0,0.3,0.2,0.1,1.1,0.0
MAS,2025-06-30,2051000000.0,773000000.0,412000000.0,270000000.0,0,404000000.0,5288000000.0,5139000000.0,390000000.0,3224000000.0,0,0,0.4,0.2,0.1,1.8,0.1
MAS,2025-03-31,1801000000.0,644000000.0,286000000.0,186000000.0,0,280000000.0,5107000000.0,5113000000.0,377000000.0,3306000000.0,0,0,0.4,0.2,0.1,0.0,0.0
MAS,2024-12-31,1828000000.0,636000000.0,290000000.0,182000000.0,0,282000000.0,5016000000.0,5069000000.0,634000000.0,3214000000.0,0,0,0.3,0.2,0.1,0.0,0.0
OMC,2025-09-30,4037100000.0,732200000.0,568700000.0,341300000.0,0,613800000.0,28838600000.0,23715900000.0,3406500000.0,7042400000.0,0,0,0.2,0.1,0.1,0.1,0.0
OMC,2025-06-30,4015600000.0,698400000.0,528000000.0,257600000.0,0,519800000.0,28788600000.0,23293000000.0,3300400000.0,5711700000.0,0,0,0.2,0.1,0.1,0.0,0.0
OMC,2025-03-31,3690400000.0,570500000.0,452600000.0,287700000.0,0,541300000.0,28113700000.0,22745300000.0,3378300000.0,6928000000.0,0,0,0.2,0.1,0.1,0.1,0.0
OMC,2024-12-31,4322200000.0,797600000.0,699900000.0,448000000.0,0,772500000.0,29620700000.0,24445800000.0,4339400000.0,6870800000.0,0,0,0.2,0.2,0.1,0.1,0.0
TPR,2025-09-30,1704600000.0,1300500000.0,328200000.0,274800000.0,0,368700000.0,6363300000.0,5963800000.0,719500000.0,4199300000.0,0,0,0.8,0.2,0.2,0.7,0.0
TPR,2025-06-30,1723200000.0,1315100000.0,-583500000.0,-517100000.0,0,-517700000.0,6580500000.0,5722700000.0,1100000000.0,3899200000.0,0,0,0.8,-0.3,-0.3,-0.6,-0.1
TPR,2025-03-31,1584600000.0,1205800000.0,253700000.0,203300000.0,0,307500000.0,7306200000.0,5812400000.0,1037700000.0,4107700000.0,0,0,0.8,0.2,0.1,0.1,0.0
TPR,2024-12-31,2195400000.0,1633100000.0,492800000.0,310400000.0,0,425300000.0,7251900000.0,5915400000.0,983400000.0,4106600000.0,0,0,0.7,0.2,0.1,0.2,0.0
IEX,2025-09-30,878700000.0,390600000.0,185800000.0,127800000.0,0,239100000.0,6969700000.0,2959600000.0,593800000.0,1902300000.0,0,0,0.4,0.2,0.1,0.0,0.0
IEX,2025-06-30,865400000.0,392200000.0,190200000.0,131600000.0,0,236500000.0,6876100000.0,2865700000.0,568200000.0,1875600000.0,0,0,0.5,0.2,0.2,0.0,0.0
IEX,2025-03-31,814300000.0,368900000.0,160200000.0,95500000.0,0,190500000.0,6795100000.0,2889200000.0,594100000.0,1966400000.0,0,0,0.5,0.2,0.1,0.0,0.0
IEX,2024-12-31,862900000.0,335000000.0,170300000.0,123200000.0,0,218600000.0,6745300000.0,2951200000.0,620800000.0,1986300000.0,0,0,0.4,0.2,0.1,0.0,0.0
ARE,2025-09-30,751944000.0,512710000.0,483486000.0,-234937000.0,0,105293000.0,37375148000.0,16256870000.0,579474000.0,13955527000.0,0,0,0.7,0.6,-0.3,-0.0,-0.0
ARE,2025-06-30,737279000.0,512846000.0,137595000.0,-107002000.0,0,339230000.0,37623629000.0,15884626000.0,520545000.0,13657519000.0,0,0,0.7,0.2,-0.1,-0.0,-0.0
ARE,2025-03-31,743175000.0,516780000.0,144043000.0,-8939000.0,0,431600000.0,37600428000.0,15600870000.0,476430000.0,13462246000.0,0,0,0.7,0.2,-0.0,-0.0,-0.0
ARE,2024-12-31,763249000.0,522817000.0,159979000.0,-62245000.0,0,369672000.0,37527449000.0,15128988000.0,552146000.0,12751501000.0,0,0,0.7,0.2,-0.1,-0.0,-0.0
SMCI,2025-09-30,5017790000.0,467373000.0,182256000.0,168285000.0,0,253984000.0,14386037000.0,7862477000.0,4196867000.0,4775706000.0,0,0,0.1,0.0,0.0,0.0,0.0
SMCI,2025-06-30,5756911000.0,544102000.0,228391000.0,195154000.0,0,263643000.0,14018429000.0,7716558000.0,5169911000.0,4778842000.0,0,0,0.1,0.0,0.0,0.0,0.0
SMCI,2025-03-31,4599913000.0,440218000.0,146780000.0,108777000.0,0,139212000.0,10738525000.0,4359046000.0,2536101000.0,2505482000.0,0,0,0.1,0.0,0.0,0.0,0.0
SMCI,2024-12-31,5677962000.0,670022000.0,368624000.0,320596000.0,0,396466000.0,9728348000.0,3489882000.0,1430002000.0,1915871000.0,0,0,0.1,0.1,0.1,0.1,0.0
NWS,2025-09-30,2144000000.0,1203000000.0,341000000.0,112000000.0,0,329000000.0,15343000000.0,6033000000.0,2198000000.0,2927000000.0,0,0,0.6,0.2,0.1,0.0,0.0
NWS,2025-06-30,2109000000.0,1225000000.0,312000000.0,743000000.0,0,312000000.0,15504000000.0,6115000000.0,2403000000.0,2940000000.0,0,0,0.6,0.1,0.4,0.1,0.0
NWS,2025-03-31,2009000000.0,1105000000.0,294000000.0,103000000.0,0,294000000.0,16580000000.0,7499000000.0,2095000000.0,2923000000.0,0,0,0.6,0.1,0.1,0.0,0.0
NWS,2024-12-31,2238000000.0,1275000000.0,482000000.0,215000000.0,0,405000000.0,16161000000.0,7136000000.0,1751000000.0,2923000000.0,0,0,0.6,0.2,0.1,0.0,0.0
BAX,2025-09-30,2835000000.0,950000000.0,-48000000.0,-46000000.0,0,416000000.0,21067000000.0,13853000000.0,1726000000.0,9712000000.0,0,0,0.3,-0.0,-0.0,-0.0,-0.0
BAX,2025-06-30,2810000000.0,1131000000.0,192000000.0,91000000.0,0,462000000.0,21046000000.0,13753000000.0,1686000000.0,9725000000.0,0,0,0.4,0.1,0.0,0.0,0.0
BAX,2025-03-31,2625000000.0,861000000.0,58000000.0,126000000.0,0,325000000.0,21304000000.0,14250000000.0,2294000000.0,10309000000.0,0,0,0.3,0.0,0.0,0.0,0.0
BAX,2024-12-31,2753000000.0,959000000.0,-435000000.0,-512000000.0,0,-176000000.0,25782000000.0,18758000000.0,1764000000.0,13449000000.0,0,0,0.3,-0.2,-0.2,-0.1,-0.0
NWSA,2025-09-30,2144000000.0,2144000000.0,223000000.0,112000000.0,0,335000000.0,15343000000.0,6033000000.0,2198000000.0,2927000000.0,0,0,1.0,0.1,0.1,0.0,0.0
NWSA,2025-06-30,2109000000.0,2109000000.0,202000000.0,743000000.0,0,322000000.0,15504000000.0,6115000000.0,2403000000.0,2940000000.0,0,0,1.0,0.1,0.4,0.1,0.0
NWSA,2025-03-31,2009000000.0,2009000000.0,176000000.0,103000000.0,0,290000000.0,16580000000.0,7499000000.0,2095000000.0,2923000000.0,0,0,1.0,0.1,0.1,0.0,0.0
NWSA,2024-12-31,2238000000.0,2238000000.0,365000000.0,215000000.0,0,546000000.0,16161000000.0,7136000000.0,1751000000.0,2923000000.0,0,0,1.0,0.2,0.1,0.0,0.0
BALL,2025-09-30,3373000000.0,523000000.0,397000000.0,321000000.0,0,642000000.0,18721000000.0,13269000000.0,576000000.0,7546000000.0,0,0,0.2,0.1,0.1,0.1,0.0
BALL,2025-06-30,3321000000.0,483000000.0,178000000.0,212000000.0,0,507000000.0,18608000000.0,13331000000.0,302000000.0,7373000000.0,0,0,0.1,0.1,0.1,0.0,0.0
BALL,2025-03-31,3102000000.0,456000000.0,345000000.0,179000000.0,0,449000000.0,18039000000.0,12470000000.0,456000000.0,7060000000.0,0,0,0.1,0.1,0.1,0.0,0.0
BALL,2024-12-31,2878000000.0,444000000.0,166000000.0,-32000000.0,0,225000000.0,17628000000.0,11698000000.0,893000000.0,6017000000.0,0,0,0.2,0.1,-0.0,-0.0,-0.0
HRL,2025-10-31,3185661000.0,425781000.0,191909000.0,-56137000.0,0,67344000.0,13393119000.0,5477304000.0,670679000.0,2857424000.0,0,0,0.1,0.1,-0.0,-0.0,-0.0
HRL,2025-07-31,3032876000.0,487309000.0,239748000.0,183742000.0,0,320667000.0,13496726000.0,5403634000.0,599189000.0,2856905000.0,0,0,0.2,0.1,0.1,0.0,0.0
HRL,2025-04-30,2898810000.0,484433000.0,248352000.0,180017000.0,0,313968000.0,13421808000.0,5379867000.0,669688000.0,2857946000.0,0,0,0.2,0.1,0.1,0.0,0.0
HRL,2025-01-31,2988813000.0,475232000.0,228330000.0,170575000.0,0,303653000.0,13403483000.0,5365040000.0,840398000.0,2857393000.0,0,0,0.2,0.1,0.1,0.0,0.0
ALGN,2025-09-30,995692000.0,639201000.0,96298000.0,56753000.0,0,152015000.0,6233552000.0,2276094000.0,1004589000.0,121271000.0,0,0,0.6,0.1,0.1,0.0,0.0
ALGN,2025-06-30,1012449000.0,708117000.0,163033000.0,124608000.0,0,203609000.0,6219094000.0,2306315000.0,901157000.0,123020000.0,0,0,0.7,0.2,0.1,0.0,0.0
ALGN,2025-03-31,979262000.0,680108000.0,131100000.0,93230000.0,0,174426000.0,6102820000.0,2308577000.0,873012000.0,118535000.0,0,0,0.7,0.1,0.1,0.0,0.0
ALGN,2024-12-31,995219000.0,696941000.0,144149000.0,103807000.0,0,215221000.0,6214600000.0,2362615000.0,1043887000.0,119277000.0,0,0,0.7,0.1,0.1,0.0,0.0
HOLX,2025-09-30,1049500000.0,639100000.0,237000000.0,187300000.0,0,316500001.0,9014900000.0,3967000000.0,1959500000.0,2626800000.0,0,0,0.6,0.2,0.2,0.0,0.0
HOLX,2025-06-30,1023800000.0,576600000.0,254600000.0,194900000.0,0,334000000.0,8806100000.0,3963600000.0,1735200000.0,2522500000.0,0,0,0.6,0.2,0.2,0.0,0.0
HOLX,2025-03-31,1005300000.0,377300000.0,-7000000.0,-17400000.0,0,76800000.0,8545100000.0,3926400000.0,1429500000.0,2531000000.0,0,0,0.4,-0.0,-0.0,-0.0,-0.0
HOLX,2024-12-31,1021800000.0,580500000.0,229800000.0,201000000.0,0,352000000.0,8728700000.0,3955400000.0,1782100000.0,2540400000.0,0,0,0.6,0.2,0.2,0.0,0.0
GPC,2025-09-30,6260232000.0,2341402000.0,334293000.0,226171000.0,0,459510000.0,20694868000.0,15889741000.0,431359000.0,6398442000.0,0,0,0.4,0.1,0.0,0.0,0.0
GPC,2025-06-30,6164425000.0,2324388000.0,422550000.0,254880000.0,0,501786000.0,20431067000.0,15712149000.0,457993000.0,6421760000.0,0,0,0.4,0.1,0.0,0.1,0.0
GPC,2025-03-31,5866069000.0,2173684000.0,342715000.0,194392000.0,0,404288000.0,19817205000.0,15352642000.0,420447000.0,6102282000.0,0,0,0.4,0.1,0.0,0.0,0.0
GPC,2024-12-31,5770173000.0,2070216000.0,248976000.0,133056000.0,0,308521000.0,19282705000.0,14930854000.0,479991000.0,5742736000.0,0,0,0.4,0.0,0.0,0.0,0.0
CF,2025-09-30,1659000000.0,632000000.0,580000000.0,353000000.0,0,823000000.0,14203000000.0,6508000000.0,1838000000.0,3396000000.0,0,0,0.4,0.3,0.2,0.0,0.0
CF,2025-06-30,1890000000.0,846000000.0,745000000.0,386000000.0,0,903000000.0,13750000000.0,5929000000.0,1686000000.0,3326000000.0,0,0,0.4,0.4,0.2,0.0,0.0
CF,2025-03-31,1663000000.0,677000000.0,593000000.0,312000000.0,0,695000000.0,13308000000.0,6011000000.0,1406000000.0,3296000000.0,0,0,0.4,0.4,0.2,0.0,0.0
CF,2024-12-31,1524000000.0,523000000.0,445000000.0,328000000.0,0,701000000.0,13466000000.0,5874000000.0,1614000000.0,3246000000.0,0,0,0.3,0.3,0.2,0.0,0.0
EXPD,2025-09-30,2894751000.0,464657000.0,288042000.0,222256000.0,0,312421000.0,4779582000.0,2496944000.0,1190167000.0,560360000.0,0,0,0.2,0.1,0.1,0.1,0.0
EXPD,2025-06-30,2651885000.0,413345000.0,247736000.0,183574000.0,0,271471000.0,4786481000.0,2589198000.0,1156162000.0,586550000.0,0,0,0.2,0.1,0.1,0.1,0.0
EXPD,2025-03-31,2666419000.0,352860000.0,265858000.0,203795000.0,0,280462000.0,4756650000.0,2469147000.0,1318520000.0,588358000.0,0,0,0.1,0.1,0.1,0.1,0.0
EXPD,2024-12-31,2954705000.0,387570000.0,301104000.0,235878000.0,0,316280000.0,4754458000.0,2528674000.0,1148320000.0,568937000.0,0,0,0.1,0.1,0.1,0.1,0.0
DLTR,2025-10-31,4751000000.0,1705200000.0,319500000.0,244600000.0,0,507700000.0,13656300000.0,10191600000.0,594800000.0,5228200000.0,0,0,0.4,0.1,0.1,0.1,0.0
DLTR,2025-07-31,4570400000.0,1573700000.0,223000000.0,188400000.0,0,393400000.0,13384900000.0,9779800000.0,666300000.0,7342700000.0,0,0,0.3,0.0,0.0,0.1,0.0
DLTR,2025-04-30,4639700000.0,1652700000.0,384100000.0,343400000.0,0,596900000.0,18291200000.0,14386400000.0,1007400000.0,7907400000.0,0,0,0.4,0.1,0.1,0.1,0.0
DLTR,2025-01-31,4999800000.0,1882900000.0,533600000.0,-3695900000.0,0,562900000.0,18644000000.0,14666600000.0,1256500000.0,7830600000.0,0,0,0.4,0.1,-0.7,-0.9,-0.2
UDR,2025-09-30,431864000.0,294705000.0,76356000.0,40409000.0,0,216447000.0,10601912000.0,6450484000.0,1194000.0,6013665000.0,0,0,0.7,0.2,0.1,0.0,0.0
UDR,2025-06-30,425399000.0,115840000.0,77389000.0,37673000.0,0,259730000.0,10647085000.0,6363954000.0,1532000.0,5956016000.0,0,0,0.3,0.2,0.1,0.0,0.0
UDR,2025-03-31,421948000.0,112174000.0,122195000.0,76720000.0,0,298391000.0,10745412000.0,6356559000.0,1250000.0,5992568000.0,0,0,0.3,0.3,0.2,0.0,0.0
UDR,2024-12-31,422728000.0,114181000.0,66288000.0,-5044000.0,0,228577000.0,10897586000.0,6436691000.0,1326000.0,6009240000.0,0,0,0.3,0.2,-0.0,-0.0,-0.0
DG,2025-10-31,10649450000.0,3184330000.0,425851000.0,282657000.0,0,692199000.0,31718582000.0,23532442000.0,1240623000.0,16508423000.0,0,0,0.3,0.0,0.0,0.0,0.0
DG,2025-07-31,10727737000.0,3361668000.0,595428000.0,411426000.0,0,852244000.0,31653111000.0,23640980000.0,1284567000.0,17067934000.0,0,0,0.3,0.1,0.0,0.1,0.0
DG,2025-04-30,10435979000.0,3231288000.0,576113000.0,391928000.0,0,828906000.0,30987661000.0,23283998000.0,850018000.0,17018014000.0,0,0,0.3,0.1,0.0,0.1,0.0
DG,2025-01-31,10304498000.0,3029569000.0,294206000.0,191217000.0,0,547816000.0,31132733000.0,23719026000.0,932576000.0,17463385000.0,0,0,0.3,0.0,0.0,0.0,0.0
DPZ,2025-09-30,1147054000.0,459902000.0,223168000.0,139319000.0,0,244626000.0,1660277000.0,5622236000.0,342229000.0,5096878000.0,0,0,0.4,0.2,0.1,0.0,0.1
DPZ,2025-06-30,1145144000.0,460970000.0,225044000.0,131091000.0,0,233250000.0,1811293000.0,5785920000.0,272859000.0,5211578000.0,0,0,0.4,0.2,0.1,0.0,0.1
DPZ,2025-03-31,1112056000.0,443147000.0,210095000.0,149651000.0,0,258429000.0,1877619000.0,5790307000.0,304320000.0,5206500000.0,0,0,0.4,0.2,0.1,0.0,0.1
DPZ,2024-12-31,1443914000.0,565854000.0,273652000.0,169444000.0,0,308328000.0,1737013000.0,5699304000.0,186126000.0,5197241000.0,0,0,0.4,0.2,0.1,0.0,0.1
RL,2025-09-30,2010700000.0,1366400000.0,245700000.0,207500000.0,0,301100000.0,7347700000.0,4765500000.0,1443000000.0,2850900000.0,0,0,0.7,0.1,0.1,0.1,0.0
RL,2025-06-30,1719100000.0,1242300000.0,273600000.0,220400000.0,0,345000000.0,7751700000.0,5236400000.0,2090200000.0,3239100000.0,0,0,0.7,0.2,0.1,0.1,0.0
RL,2025-03-31,1697300000.0,1165300000.0,155000000.0,129000000.0,0,227500000.0,7047300000.0,4458800000.0,1922500000.0,2668100000.0,0,0,0.7,0.1,0.1,0.0,0.0
RL,2024-12-31,2143500000.0,1466100000.0,389700000.0,297400000.0,0,449600000.0,7080900000.0,4541700000.0,1940200000.0,2683700000.0,0,0,0.7,0.2,0.1,0.1,0.0
RVTY,2025-09-30,698949000.0,374604000.0,81896000.0,46652000.0,0,180517000.0,12138952000.0,4763056000.0,931386000.0,3369002000.0,0,0,0.5,0.1,0.1,0.0,0.0
RVTY,2025-06-30,720284000.0,392556000.0,90760000.0,55222000.0,0,194365000.0,12362789000.0,4806621000.0,991849000.0,3374859000.0,0,0,0.5,0.1,0.1,0.0,0.0
RVTY,2025-03-31,664762000.0,327246000.0,87971000.0,41437000.0,0,172768000.0,12360724000.0,4723594000.0,1137620000.0,3325365000.0,0,0,0.5,0.1,0.1,0.0,0.0
RVTY,2024-12-31,729372000.0,359690000.0,132288000.0,95036000.0,0,222372000.0,12392478000.0,4725604000.0,1163396000.0,3325805000.0,0,0,0.5,0.2,0.1,0.0,0.0
MRNA,2025-09-30,1016000000.0,8000000.0,-260000000.0,-200000000.0,0,-135000000.0,12135000000.0,2805000000.0,1132000000.0,734000000.0,0,0,0.0,-0.3,-0.2,-0.0,-0.0
MRNA,2025-06-30,142000000.0,23000000.0,-907000000.0,-825000000.0,0,-760000000.0,12010000000.0,2611000000.0,1279000000.0,741000000.0,0,0,0.2,-6.4,-5.8,-0.1,-0.1
MRNA,2025-03-31,107000000.0,17000000.0,-1050000000.0,-971000000.0,0,-924000000.0,12704000000.0,2638000000.0,1623000000.0,745000000.0,0,0,0.2,-9.8,-9.1,-0.1,-0.1
MRNA,2024-12-31,956000000.0,217000000.0,-1246000000.0,-1120000000.0,0,-1118000000.0,14142000000.0,3241000000.0,1927000000.0,747000000.0,0,0,0.2,-1.3,-1.2,-0.1,-0.1
KIM,2025-09-30,535861000.0,371879000.0,187229000.0,137135000.0,0,460780000.0,19880039000.0,9195037000.0,159339000.0,8346105000.0,0,0,0.7,0.3,0.3,0.0,0.0
KIM,2025-06-30,525174999.0,363305000.0,205812000.0,162986000.0,0,323528000.0,19796555000.0,9078579000.0,226553000.0,8281104000.0,0,0,0.7,0.4,0.3,0.0,0.0
KIM,2025-03-31,536624000.0,372976000.0,180484000.0,132817000.0,0,350413000.0,19731252000.0,8950651000.0,131271000.0,8140244000.0,0,0,0.7,0.3,0.2,0.0,0.0
KIM,2024-12-31,525397000.0,357293000.0,166392000.0,166038000.0,0,340108000.0,20309896000.0,9464107000.0,688622000.0,8578375000.0,0,0,0.7,0.3,0.3,0.0,0.0
LNT,2025-09-30,1210000000.0,550000000.0,349000000.0,281000000.0,0,602000000.0,24627000000.0,17320000000.0,503000000.0,11921000000.0,0,0,0.5,0.3,0.2,0.0,0.0
LNT,2025-06-30,961000000.0,254000000.0,223000000.0,174000000.0,0,463000000.0,23750000000.0,16605000000.0,329000000.0,11307000000.0,0,0,0.3,0.2,0.2,0.0,0.0
LNT,2025-03-31,1128000000.0,498000000.0,257000000.0,213000000.0,0,496000000.0,22851000000.0,15758000000.0,25000000.0,10629000000.0,0,0,0.4,0.2,0.2,0.0,0.0
LNT,2024-12-31,976000000.0,454000000.0,221000000.0,150000000.0,0,461000000.0,22714000000.0,15710000000.0,81000000.0,10406000000.0,0,0,0.5,0.2,0.2,0.0,0.0
AKAM,2025-09-30,1054630000.0,625098000.0,166024000.0,140170000.0,0,387605000.0,10833273000.0,6101329000.0,927933000.0,5231072000.0,0,0,0.6,0.2,0.1,0.0,0.0
AKAM,2025-06-30,1043494000.0,616959000.0,151461000.0,103618000.0,0,333578000.0,10536135000.0,6068627000.0,850302000.0,5271115000.0,0,0,0.6,0.1,0.1,0.0,0.0
AKAM,2025-03-31,1015139000.0,596194000.0,154583000.0,123171000.0,0,354155000.0,9982190000.0,5397629000.0,1097026000.0,4618776000.0,0,0,0.6,0.2,0.1,0.0,0.0
AKAM,2024-12-31,1019939000.0,605583000.0,148060000.0,139905000.0,0,338640000.0,10368785000.0,5490428000.0,517707000.0,4634605000.0,0,0,0.6,0.1,0.1,0.0,0.0
EG,2025-09-30,4254000000.0,527000000.0,268000000.0,255000000.0,0,307000000.0,62240000000.0,46864000000.0,1539000000.0,3588000000.0,0,0,0.1,0.1,0.1,0.0,0.0
EG,2025-06-30,4404000000.0,1052000000.0,815000000.0,680000000.0,0,853000000.0,60519000000.0,45499000000.0,1902000000.0,3588000000.0,0,0,0.2,0.2,0.2,0.0,0.0
EG,2025-03-31,4238000000.0,521000000.0,249000000.0,210000000.0,0,286000000.0,58132000000.0,43992000000.0,1567000000.0,5937000000.0,0,0,0.1,0.1,0.0,0.0,0.0
EG,2024-12-31,4614000000.0,-461000000.0,-745000000.0,-593000000.0,0,-711000000.0,56341000000.0,42465000000.0,1549000000.0,5937000000.0,0,0,-0.1,-0.2,-0.1,-0.0,-0.0
AVY,2025-09-30,2215500000.0,635000000.0,281100000.0,166300000.0,0,352099999.0,8866900000.0,6655900000.0,536299999.0,3781100000.0,0,0,0.3,0.1,0.1,0.1,0.0
AVY,2025-06-30,2220500000.0,639100000.0,286700000.0,189000000.0,0,370300000.0,8568200000.0,6366600000.0,209500000.0,3550200000.0,0,0,0.3,0.1,0.1,0.1,0.0
AVY,2025-03-31,2148300000.0,621500000.0,254600000.0,166300000.0,0,335800000.0,8354700000.0,6184200000.0,195900000.0,3459100000.0,0,0,0.3,0.1,0.1,0.1,0.0
AVY,2024-12-31,2185700000.0,609200000.0,279900000.0,174000000.0,0,348800000.0,8404200000.0,6086200000.0,329100000.0,3152200000.0,0,0,0.3,0.1,0.1,0.1,0.0
APTV,2025-09-30,5212000000.0,1018000000.0,-175000000.0,-355000000.0,0,96000000.0,23497000000.0,13933000000.0,1640000000.0,8170000000.0,0,0,0.2,-0.0,-0.1,-0.0,-0.0
APTV,2025-06-30,5208000000.0,997000000.0,486000000.0,393000000.0,0,794000000.0,23942000000.0,13967000000.0,1448000000.0,8348000000.0,0,0,0.2,0.1,0.1,0.0,0.0
APTV,2025-03-31,4825000000.0,865000000.0,481000000.0,-11000000.0,0,690000000.0,23102000000.0,13848000000.0,1100000000.0,8439000000.0,0,0,0.2,0.1,-0.0,-0.0,-0.0
APTV,2024-12-31,4907000000.0,1127000000.0,764000000.0,268000000.0,0,699000000.0,23458000000.0,14373000000.0,1573000000.0,8888000000.0,0,0,0.2,0.2,0.1,0.0,0.0
EVRG,2025-09-30,1795900000.0,749000000.0,644500000.0,475000000.0,0,946300000.0,33440400000.0,23107900000.0,41900000.0,14718600000.0,0,0,0.4,0.4,0.3,0.0,0.0
EVRG,2025-06-30,1426900000.0,438100000.0,333700000.0,171300000.0,0,641000000.0,32911300000.0,22912100000.0,27800000.0,14811700000.0,0,0,0.3,0.2,0.1,0.0,0.0
EVRG,2025-03-31,1368800000.0,397000000.0,285900000.0,125000000.0,0,592900000.0,32454200000.0,22486300000.0,35300000.0,14402000000.0,0,0,0.3,0.2,0.1,0.0,0.0
EVRG,2024-12-31,1213100000.0,287200000.0,177900000.0,78200000.0,0,508900000.0,32282100000.0,22292900000.0,22000000.0,14069500000.0,0,0,0.2,0.1,0.1,0.0,0.0
DVA,2025-09-30,3420227000.0,1087468000.0,505767000.0,150332000.0,0,636850000.0,17743294000.0,16215170000.0,705960000.0,14877861000.0,0,0,0.3,0.1,0.0,0.1,0.0
DVA,2025-06-30,3379526000.0,1117986000.0,537841000.0,199337000.0,0,689694000.0,17492958000.0,15939935000.0,708417000.0,12815374000.0,0,0,0.3,0.2,0.1,0.1,0.0
DVA,2025-03-31,3223529000.0,983869000.0,438937000.0,162917000.0,0,597839000.0,17119030000.0,15459061000.0,438780000.0,12320338000.0,0,0,0.3,0.1,0.1,0.1,0.0
DVA,2024-12-31,3294683000.0,1069312000.0,565362000.0,259329000.0,0,726556000.0,17285268000.0,15193917000.0,794933000.0,12066836000.0,0,0,0.3,0.2,0.1,0.1,0.0
DOC,2025-09-30,705873000.0,413951000.0,131727000.0,-117122000.0,0,404338000.0,19582401000.0,11317097000.0,91038000.0,9432863000.0,0,0,0.6,0.2,-0.2,-0.0,-0.0
DOC,2025-06-30,694348000.0,418167000.0,131487000.0,31673000.0,0,380633000.0,19810267000.0,11223326000.0,89436000.0,9351352000.0,0,0,0.6,0.2,0.0,0.0,0.0
DOC,2025-03-31,702889000.0,429746000.0,135082000.0,42828000.0,0,395530000.0,19815729000.0,10972320000.0,70625000.0,9183242000.0,0,0,0.6,0.2,0.1,0.0,0.0
DOC,2024-12-31,697988000.0,420962000.0,122564000.0,4547000.0,0,341743000.0,19938255000.0,10880631000.0,119818000.0,9023269000.0,0,0,0.6,0.2,0.0,0.0,0.0
EPAM,2025-09-30,1394373000.0,379891000.0,156035000.0,106816000.0,0,174931000.0,4843300000.0,1116457000.0,1239136000.0,155217000.0,0,0,0.3,0.1,0.1,0.0,0.0
EPAM,2025-06-30,1353443000.0,389431000.0,126476000.0,88026000.0,0,168402000.0,4710696000.0,1042334000.0,1041344000.0,162691000.0,0,0,0.3,0.1,0.1,0.0,0.0
EPAM,2025-03-31,1301692000.0,349684000.0,99330000.0,73482000.0,0,140696000.0,4723612000.0,1080396000.0,1173639000.0,158142000.0,0,0,0.3,0.1,0.1,0.0,0.0
EPAM,2024-12-31,1248351000.0,380037000.0,136512000.0,103299000.0,0,172562000.0,4750473000.0,1119322000.0,1286267000.0,163254000.0,0,0,0.3,0.1,0.1,0.0,0.0
INCY,2025-09-30,1365980000.0,1266980000.0,443518000.0,424169000.0,0,506923000.0,6330356000.0,1679162000.0,2455006000.0,41267000.0,0,0,0.9,0.3,0.3,0.1,0.1
INCY,2025-06-30,1215529000.0,1119844000.0,310824000.0,404999000.0,0,581525000.0,5821354000.0,1650451000.0,1954969000.0,42408000.0,0,0,0.9,0.3,0.3,0.1,0.1
INCY,2025-03-31,1052897999.0,963348000.0,216740000.0,158203000.0,0,257212000.0,5749365000.0,2081802000.0,1941722000.0,43119000.0,0,0,0.9,0.2,0.2,0.0,0.0
INCY,2024-12-31,1178698000.0,1073579999.0,297469000.0,201212000.0,0,336876000.0,5444322000.0,1996694000.0,1687829000.0,43544000.0,0,0,0.9,0.3,0.2,0.1,0.0
SWKS,2025-09-30,1100200000.0,447600000.0,111000000.0,141400000.0,0,245700000.0,7917000000.0,2159900000.0,1161300000.0,1203100000.0,0,0,0.4,0.1,0.1,0.0,0.0
SWKS,2025-06-30,965000000.0,401000000.0,110600000.0,105000000.0,0,234500000.0,7714600000.0,2062100000.0,1185900000.0,1207800000.0,0,0,0.4,0.1,0.1,0.0,0.0
SWKS,2025-03-31,953200000.0,391600000.0,97300000.0,68700000.0,0,223400000.0,7885700000.0,1945400000.0,1387800000.0,1209600000.0,0,0,0.4,0.1,0.1,0.0,0.0
SWKS,2024-12-31,1068500000.0,441900000.0,181100000.0,162000000.0,0,313200000.0,8331100000.0,1930400000.0,1602500000.0,1193000000.0,0,0,0.4,0.2,0.2,0.0,0.0
TXT,2025-09-30,3602000000.0,654000000.0,279000000.0,234000000.0,0,443000000.0,17381000000.0,9888000000.0,1522000000.0,4146000000.0,0,0,0.2,0.1,0.1,0.0,0.0
TXT,2025-06-30,3527000000.0,588000000.0,295000000.0,259000000.0,0,438000000.0,17076000000.0,9643000000.0,1434000000.0,3734000000.0,0,0,0.2,0.1,0.1,0.0,0.0
TXT,2025-03-31,3135000000.0,521000000.0,205000000.0,201000000.0,0,345000000.0,16942000000.0,9667000000.0,1245000000.0,3734000000.0,0,0,0.2,0.1,0.1,0.0,0.0
TXT,2024-12-31,3892000000.0,643000000.0,315000000.0,198000000.0,0,349000000.0,16838000000.0,9634000000.0,1441000000.0,3588000000.0,0,0,0.2,0.1,0.1,0.0,0.0
AMCR,2025-09-30,5745000000.0,1124000000.0,461000000.0,262000000.0,0,851000000.0,37147000000.0,25417000000.0,825000000.0,15798000000.0,0,0,0.2,0.1,0.0,0.0,0.0
AMCR,2025-06-30,5082000000.0,895000000.0,87000000.0,-39000000.0,0,420000000.0,37066000000.0,25326000000.0,827000000.0,15008000000.0,0,0,0.2,0.0,-0.0,-0.0,-0.0
AMCR,2025-03-31,3333000000.0,654000000.0,313000000.0,196000000.0,0,454000000.0,18042000000.0,14183000000.0,2045000000.0,9244000000.0,0,0,0.2,0.1,0.1,0.1,0.0
AMCR,2024-12-31,3241000000.0,626000000.0,330000000.0,163000000.0,0,462385390.0,16165000000.0,12374000000.0,445000000.0,7399000000.0,0,0,0.2,0.1,0.1,0.0,0.0
SWK,2025-09-30,3756000000.0,1151400000.0,364500000.0,51400000.0,0,293699999.0,21753900000.0,12776600000.0,268300000.0,6057800000.0,0,0,0.3,0.1,0.0,0.0,0.0
SWK,2025-06-30,3945200000.0,1044000000.0,223500000.0,101900000.0,0,285100000.0,22492600000.0,13429600000.0,311800000.0,5827600000.0,0,0,0.3,0.1,0.0,0.0,0.0
SWK,2025-03-31,3744600000.0,1100500000.0,255500000.0,90400000.0,0,380700000.0,22496200000.0,13654600000.0,344800000.0,6739800000.0,0,0,0.3,0.1,0.0,0.0,0.0
SWK,2024-12-31,3720500000.0,1160300000.0,323600000.0,194900000.0,0,377900000.0,21848900000.0,13129000000.0,290500000.0,6229600000.0,0,0,0.3,0.1,0.1,0.0,0.0
VTRS,2025-09-30,3759900000.0,1384900000.0,251600000.0,-128199999.0,0,800200000.0,37920400000.0,22702800000.0,975300000.0,14715200000.0,0,0,0.4,0.1,-0.0,-0.0,-0.0
VTRS,2025-06-30,3582100000.0,1332900000.0,233000000.0,-4600000.0,0,577800000.0,38411500000.0,22841000000.0,566400000.0,14758300000.0,0,0,0.4,0.1,-0.0,-0.0,-0.0
VTRS,2025-03-31,3254300000.0,1161200000.0,-2882200000.0,-3042000000.0,0,-2316800000.0,38474900000.0,22824500000.0,755000000.0,14458500000.0,0,0,0.4,-0.9,-0.9,-0.2,-0.1
VTRS,2024-12-31,3528100000.0,1215000000.0,-179800000.0,-516500000.0,0,339900000.0,41500900000.0,22865400000.0,734800000.0,14305900000.0,0,0,0.3,-0.1,-0.1,-0.0,-0.0
KMX,2025-11-30,5793946000.0,521105000.0,-145225000.0,62215000.0,0,367250000.0,25562355000.0,19497821000.0,204938000.0,16676042000.0,0,0,0.1,-0.0,0.0,0.0,0.0
KMX,2025-08-31,7084522000.0,753019000.0,151926000.0,95378000.0,0,243881000.0,27079644000.0,20879122000.0,540374000.0,19335686000.0,0,0,0.1,0.0,0.0,0.0,0.0
KMX,2025-05-31,8031891000.0,969533999.0,309891000.0,210381000.0,0,394284000.0,27386405000.0,21099496000.0,262819000.0,17918972000.0,0,0,0.1,0.0,0.0,0.0,0.0
KMX,2025-02-28,6470737000.0,762163000.0,151663000.0,89866000.0,0,224313000.0,27404206000.0,21161218000.0,246960000.0,19426207999.0,0,0,0.1,0.0,0.0,0.0,0.0
REG,2025-09-30,386982000.0,172167000.0,141359000.0,109373000.0,0,215416000.0,13058979000.0,5998923000.0,200688000.0,5521266000.0,0,0,0.4,0.4,0.3,0.0,0.0
REG,2025-06-30,394607000.0,286348000.0,260868000.0,106021000.0,0,253725000.0,12730474000.0,5873534000.0,150686000.0,5409511000.0,0,0,0.7,0.7,0.3,0.0,0.0
REG,2025-03-31,395407000.0,280588000.0,258988000.0,109587000.0,0,251085000.0,12560070000.0,5683630000.0,75093000.0,5259769000.0,0,0,0.7,0.7,0.3,0.0,0.0
REG,2024-12-31,384160000.0,269864000.0,243842000.0,86477000.0,0,241565000.0,12391961000.0,5491654000.0,56283000.0,5018169000.0,0,0,0.7,0.6,0.2,0.0,0.0
POOL,2025-09-30,1451131000.0,429183000.0,177987000.0,127013000.0,0,190636000.0,3500671000.0,2120781000.0,128483000.0,1389897000.0,0,0,0.3,0.1,0.1,0.1,0.0
POOL,2025-06-30,1784530000.0,535161000.0,272670000.0,194258000.0,0,284597000.0,3671956000.0,2372838000.0,83669000.0,1553374000.0,0,0,0.3,0.2,0.1,0.1,0.1
POOL,2025-03-31,1071526000.0,312369000.0,77538000.0,53545000.0,0,89525000.0,3712449000.0,2473758000.0,71644000.0,1347078000.0,0,0,0.3,0.1,0.0,0.0,0.0
POOL,2024-12-31,987479000.0,290243000.0,60650000.0,37300000.0,0,72769000.0,3368184000.0,2094719000.0,77862000.0,1271923000.0,0,0,0.3,0.1,0.0,0.0,0.0
BXP,2025-09-30,871510000.0,530146000.0,253990000.0,-121712000.0,0,283616000.0,25999482000.0,18482700000.0,861066000.0,17347695000.0,0,0,0.6,0.3,-0.1,-0.0,-0.0
BXP,2025-06-30,868457000.0,527030000.0,256591000.0,88977000.0,0,505829000.0,25621190000.0,17766779000.0,446953000.0,17340310000.0,0,0,0.6,0.3,0.1,0.0,0.0
BXP,2025-03-31,865215000.0,525304000.0,473020000.0,61177000.0,0,470212000.0,25436521000.0,17586680000.0,398126000.0,16435709000.0,0,0,0.6,0.5,0.1,0.0,0.0
BXP,2024-12-31,858571000.0,524905000.0,262667000.0,-228854000.0,0,163150000.0,26084980000.0,18137324000.0,1254882000.0,17324154000.0,0,0,0.6,0.3,-0.3,-0.0,-0.0
SOLV,2025-09-30,2096000000.0,1177000000.0,137000000.0,1266000000.0,0,1724000000.0,13973000000.0,8987000000.0,1642000000.0,5137000000.0,0,0,0.6,0.1,0.6,0.3,0.1
SOLV,2025-06-30,2161000000.0,1175000000.0,214000000.0,90000000.0,0,328000000.0,15074000000.0,11429000000.0,492000000.0,7815000000.0,0,0,0.5,0.1,0.0,0.0,0.0
SOLV,2025-03-31,2070000000.0,1114000000.0,152000000.0,137000000.0,0,271000000.0,14527000000.0,11265000000.0,534000000.0,7913000000.0,0,0,0.5,0.1,0.1,0.0,0.0
SOLV,2024-12-31,2075000000.0,1119000000.0,136000000.0,31000000.0,0,270000000.0,14457000000.0,11498000000.0,762000000.0,8010000000.0,0,0,0.5,0.1,0.0,0.0,0.0
JKHY,2025-09-30,644738000.0,296172000.0,184065000.0,143986000.0,0,243096000.0,3047572000.0,874238000.0,36239000.0,20000000.0,0,0,0.5,0.3,0.2,0.1,0.0
JKHY,2025-06-30,615372000.0,271493000.0,155698000.0,127604000.0,0,213541000.0,3043970000.0,913138000.0,101953000.0,51187000.0,0,0,0.4,0.3,0.2,0.1,0.0
JKHY,2025-03-31,585087000.0,244501000.0,138740000.0,111108000.0,0,195652000.0,2932018000.0,895587000.0,39870000.0,170000000.0,0,0,0.4,0.2,0.2,0.1,0.0
JKHY,2024-12-31,573848000.0,240998000.0,123002000.0,97845000.0,0,181915000.0,2911770000.0,936205000.0,25653000.0,205692000.0,0,0,0.4,0.2,0.2,0.0,0.0
NDSN,2025-10-31,751820000.0,423467000.0,214261000.0,151634000.0,0,259922000.0,5917681000.0,2874110000.0,108442000.0,2092358000.0,0,0,0.6,0.3,0.2,0.0,0.0
NDSN,2025-07-31,741509000.0,406517000.0,187767000.0,125784000.0,0,223228000.0,6009713000.0,3027928000.0,147788000.0,2220895000.0,0,0,0.5,0.3,0.2,0.0,0.0
NDSN,2025-04-30,682938000.0,373904000.0,168750000.0,112404000.0,0,202919000.0,6062038000.0,3101734000.0,130157000.0,2323457000.0,0,0,0.5,0.2,0.2,0.0,0.0
NDSN,2025-01-31,615420000.0,335896000.0,140947000.0,94652000.0,0,180445000.0,5871526000.0,2994915000.0,130424000.0,2295194000.0,0,0,0.5,0.2,0.2,0.0,0.0
NCLH,2025-09-30,2938142000.0,1383283000.0,749449000.0,419295000.0,0,1013284000.0,22213369000.0,20020286000.0,166801000.0,15345382000.0,0,0,0.5,0.3,0.1,0.2,0.0
NCLH,2025-06-30,2517497000.0,1060650000.0,423836000.0,29992000.0,0,442735999.0,21595817000.0,20026247000.0,184015000.0,14589154000.0,0,0,0.4,0.2,0.0,0.0,0.0
NCLH,2025-03-31,2127553000.0,823615000.0,200942000.0,-40295000.0,0,426972000.0,21354342000.0,19937809000.0,184359000.0,13993781000.0,0,0,0.4,0.1,-0.0,-0.0,-0.0
NCLH,2024-12-31,2109366000.0,801787000.0,214741000.0,254536000.0,0,529713000.0,19969811000.0,18544372000.0,190765000.0,13100490000.0,0,0,0.4,0.1,0.1,0.2,0.0
UHS,2025-09-30,4495245000.0,4080662000.0,521688000.0,372957000.0,0,690377000.0,15343924000.0,8046445000.0,112895000.0,5110921000.0,0,0,0.9,0.1,0.1,0.1,0.0
UHS,2025-06-30,4283816000.0,3865031000.0,500270000.0,353218000.0,0,659850000.0,14985577000.0,7840495000.0,137595000.0,5007997000.0,0,0,0.9,0.1,0.1,0.0,0.0
UHS,2025-03-31,4099720000.0,3696839000.0,454825000.0,316680000.0,0,607984000.0,14875430000.0,7989696000.0,126753000.0,5094129000.0,0,0,0.9,0.1,0.1,0.0,0.0
UHS,2024-12-31,4113722000.0,3707822000.0,472489000.0,332397000.0,0,623953000.0,14469749000.0,7706933000.0,125983000.0,4955429000.0,0,0,0.9,0.1,0.1,0.0,0.0
CAG,2025-11-30,2979100000.0,698400000.0,371300000.0,-663600000.0,0,-459100000.0,19540300000.0,11449500000.0,46600000.0,7623900000.0,0,0,0.2,0.1,-0.2,-0.1,-0.0
CAG,2025-08-31,2632600000.0,640600000.0,347400000.0,164500000.0,0,480800000.0,21172800000.0,12257000000.0,698100000.0,8279800000.0,0,0,0.2,0.1,0.1,0.0,0.0
CAG,2025-05-31,2781800000.0,707200000.0,374200000.0,256000000.0,0,490900000.0,20933900000.0,12001200000.0,68000000.0,8310600000.0,0,0,0.3,0.1,0.1,0.0,0.0
CAG,2025-02-28,2841000000.0,710300000.0,266600000.0,145100000.0,0,388600000.0,20744500000.0,11965400000.0,49400000.0,8145100000.0,0,0,0.3,0.1,0.1,0.0,0.0
CPT,2025-09-30,395676000.0,240152000.0,63631000.0,108934000.0,0,308828000.0,9055166000.0,4443391000.0,25931000.0,3740236000.0,0,0,0.6,0.2,0.3,0.0,0.0
CPT,2025-06-30,396509000.0,242497000.0,71839000.0,80670000.0,0,271308000.0,9119573000.0,4459577000.0,33091000.0,3825976000.0,0,0,0.6,0.2,0.2,0.0,0.0
CPT,2025-03-31,390565000.0,240579000.0,75106000.0,38822000.0,0,224368000.0,8993132000.0,4305914000.0,26182000.0,3735671000.0,0,0,0.6,0.2,0.1,0.0,0.0
CPT,2024-12-31,386319000.0,238375000.0,75768000.0,40691000.0,0,221220000.0,8852144000.0,4104955000.0,21045000.0,3485591000.0,0,0,0.6,0.2,0.1,0.0,0.0
PAYC,2025-09-30,493300000.0,384300000.0,112600000.0,110700000.0,0,198800000.0,4245200000.0,2535800000.0,375000000.0,84500000.0,0,0,0.8,0.2,0.2,0.1,0.0
PAYC,2025-06-30,483600000.0,396100000.0,112300000.0,89500000.0,0,160000000.0,4031200000.0,2229300000.0,532200000.0,81200000.0,0,0,0.8,0.2,0.2,0.0,0.0
PAYC,2025-03-31,530500000.0,445900000.0,185100000.0,139400000.0,0,231100000.0,4572600000.0,2855400000.0,520800000.0,81500000.0,0,0,0.8,0.3,0.3,0.1,0.0
PAYC,2024-12-31,493873000.0,410141000.0,148472000.0,113600000.0,0,192289000.0,5859900000.0,4284000000.0,402000000.0,83400000.0,0,0,0.8,0.3,0.2,0.1,0.0
HST,2025-09-30,1331000000.0,676000000.0,101000000.0,161000000.0,0,428000000.0,13040000000.0,6227000000.0,539000000.0,5643000000.0,0,0,0.5,0.1,0.1,0.0,0.0
HST,2025-06-30,1586000000.0,863000000.0,277000000.0,221000000.0,0,505000000.0,12960000000.0,6183000000.0,490000000.0,5643000000.0,0,0,0.5,0.2,0.1,0.0,0.0
HST,2025-03-31,1594000000.0,866000000.0,285000000.0,248000000.0,0,503000000.0,12947000000.0,6161000000.0,428000000.0,5644000000.0,0,0,0.5,0.2,0.2,0.0,0.0
HST,2024-12-31,1428000000.0,763000000.0,157000000.0,108000000.0,0,359000000.0,13048000000.0,6271000000.0,554000000.0,5643000000.0,0,0,0.5,0.1,0.1,0.0,0.0
CHRW,2025-09-30,4136846000.0,356774999.0,220836000.0,162987000.0,0,325593000.0,5227854000.0,3370813000.0,136837000.0,1502418000.0,0,0,0.1,0.1,0.0,0.1,0.0
CHRW,2025-06-30,4136543000.0,357909000.0,215919000.0,152471000.0,0,240785000.0,5321911000.0,3537524000.0,155993000.0,1691725000.0,0,0,0.1,0.1,0.0,0.1,0.0
CHRW,2025-03-31,4046740000.0,324535000.0,176853000.0,135302000.0,0,202495000.0,5226114000.0,3491389000.0,129942000.0,1728790000.0,0,0,0.1,0.0,0.0,0.1,0.0
CHRW,2024-12-31,4184656000.0,330242000.0,183799000.0,149306000.0,0,208079000.0,5297926000.0,3575875000.0,145762000.0,1741132000.0,0,0,0.1,0.0,0.0,0.1,0.0
TECH,2025-09-30,286555000.0,190191000.0,50788000.0,38179000.0,0,77799000.0,2526148000.0,560334000.0,144962000.0,394473000.0,0,0,0.7,0.2,0.1,0.0,0.0
TECH,2025-06-30,316964000.0,198812000.0,-23860000.0,-17678000.0,0,6430000.0,2557868000.0,639060000.0,162186000.0,444058000.0,0,0,0.6,-0.1,-0.1,-0.0,-0.0
TECH,2025-03-31,316181000.0,214556000.0,38708000.0,22588000.0,0,67852000.0,2644259000.0,626234000.0,140670000.0,423499000.0,0,0,0.7,0.1,0.1,0.0,0.0
TECH,2024-12-31,297031000.0,193886000.0,47419000.0,34890000.0,0,72108000.0,2670424000.0,591932000.0,177549000.0,395127000.0,0,0,0.7,0.2,0.1,0.0,0.0
BEN,2025-09-30,2343700000.0,1917400000.0,85400000.0,117600000.0,0,379800000.0,32368300000.0,18179500000.0,3573900000.0,13299900000.0,0,0,0.8,0.0,0.1,0.0,0.0
BEN,2025-06-30,2064000000.0,1635800000.0,154100000.0,92300000.0,0,348100000.0,32552200000.0,18117300000.0,3957000000.0,13246100000.0,0,0,0.8,0.1,0.0,0.0,0.0
BEN,2025-03-31,2111400000.0,1665500000.0,145600000.0,151400000.0,0,206500000.0,31989800000.0,16811800000.0,3539100000.0,13192800000.0,0,0,0.8,0.1,0.1,0.0,0.0
BEN,2024-12-31,2251600000.0,1828000000.0,219000000.0,163600000.0,0,479100000.0,32390000000.0,17050300000.0,3645100000.0,12777300000.0,0,0,0.8,0.1,0.1,0.0,0.0
CPB,2025-10-31,2677000000.0,792000000.0,337000000.0,194000000.0,0,436000000.0,15179000000.0,11220000000.0,168000000.0,6972000000.0,0,0,0.3,0.1,0.1,0.0,0.0
CPB,2025-07-31,2321000000.0,705000000.0,295000000.0,145000000.0,0,375000000.0,14896000000.0,10992000000.0,132000000.0,7212000000.0,0,0,0.3,0.1,0.1,0.0,0.0
CPB,2025-04-30,2475000000.0,728000000.0,308000000.0,66000000.0,0,275000000.0,14828000000.0,10956000000.0,143000000.0,6896000000.0,0,0,0.3,0.1,0.0,0.0,0.0
CPB,2025-01-31,2685000000.0,819000000.0,354000000.0,173000000.0,0,445000000.0,15910000000.0,11998000000.0,829000000.0,7675000000.0,0,0,0.3,0.1,0.1,0.0,0.0
EMN,2025-09-30,2202000000.0,433000000.0,210000000.0,47000000.0,0,188000000.0,14979000000.0,9136000000.0,489000000.0,5075000000.0,0,0,0.2,0.1,0.0,0.0,0.0
EMN,2025-06-30,2287000000.0,506000000.0,284000000.0,140000000.0,0,352000000.0,15219000000.0,9313000000.0,423000000.0,5126000000.0,0,0,0.2,0.1,0.1,0.0,0.0
EMN,2025-03-31,2290000000.0,567000000.0,318000000.0,182000000.0,0,432000000.0,14971000000.0,9027000000.0,418000000.0,5021000000.0,0,0,0.2,0.1,0.1,0.0,0.0
EMN,2024-12-31,2245000000.0,554000000.0,378000000.0,330000000.0,0,482000000.0,15213000000.0,9361000000.0,837000000.0,5017000000.0,0,0,0.2,0.2,0.1,0.1,0.0
ALLE,2025-09-30,1070200000.0,489800000.0,233800000.0,188400000.0,0,272200000.0,5225300000.0,3278700000.0,302700000.0,2259700000.0,0,0,0.5,0.2,0.2,0.1,0.0
ALLE,2025-06-30,1022000000.0,466500000.0,219700000.0,159700000.0,0,256900000.0,4914800000.0,3128300000.0,656800000.0,2230400000.0,0,0,0.5,0.2,0.2,0.1,0.0
ALLE,2025-03-31,941900000.0,422500000.0,196400000.0,148200000.0,0,229900000.0,4564100000.0,2957200000.0,494500000.0,1997000000.0,0,0,0.4,0.2,0.2,0.1,0.0
ALLE,2024-12-31,945600000.0,416700000.0,184600000.0,144100000.0,0,217200000.0,4487800000.0,2987100000.0,503800000.0,1999500000.0,0,0,0.4,0.2,0.2,0.1,0.0
SJM,2025-10-31,2330100000.0,781900000.0,383700000.0,241300000.0,0,557100000.0,17628300000.0,11568100000.0,62800000.0,7913600000.0,0,0,0.3,0.2,0.1,0.0,0.0
SJM,2025-07-31,2113300000.0,474700000.0,45600000.0,-43900000.0,0,178900000.0,17741900000.0,11816000000.0,39300000.0,8080600000.0,0,0,0.2,0.0,-0.0,-0.0,-0.0
SJM,2025-04-30,2143800000.0,823300000.0,-599100000.0,-729000000.0,0,-479500000.0,17563300000.0,11480700000.0,69900000.0,640800000.0,0,0,0.4,-0.3,-0.3,-0.1,-0.0
SJM,2025-01-31,2186000000.0,878100000.0,-594000000.0,-662300000.0,0,-445000000.0,18425600000.0,11518300000.0,47200000.0,1089700000.0,0,0,0.4,-0.3,-0.3,-0.1,-0.0
TAP,2025-09-30,2973500000.0,1173500000.0,-3431100000.0,-2927600000.0,0,-3249100000.0,22873400000.0,12204600000.0,950200000.0,6292000000.0,0,0,0.4,-1.2,-1.0,-0.3,-0.1
TAP,2025-06-30,3200800000.0,1281900000.0,583600000.0,428700000.0,0,758900000.0,26826700000.0,13030000000.0,613800000.0,6319300000.0,0,0,0.4,0.2,0.1,0.0,0.0
TAP,2025-03-31,2304100000.0,850900000.0,186300000.0,121000000.0,0,378000000.0,25930500000.0,12478700000.0,412700000.0,6237800000.0,0,0,0.4,0.1,0.1,0.0,0.0
TAP,2024-12-31,2735600000.0,1037500000.0,388100000.0,287800000.0,0,604900000.0,26064300000.0,12611600000.0,969300000.0,6192800000.0,0,0,0.4,0.1,0.1,0.0,0.0
DAY,2025-09-30,481600000.0,302100000.0,30500000.0,-196800000.0,0,-101900000.0,8676200000.0,5981500000.0,627600000.0,1226900000.0,0,0,0.6,0.1,-0.4,-0.1,-0.0
DAY,2025-06-30,464700000.0,238100000.0,42300000.0,21300000.0,0,98600000.0,8500800000.0,5798500000.0,625200000.0,1229400000.0,0,0,0.5,0.1,0.0,0.0,0.0
DAY,2025-03-31,481800000.0,242800000.0,31000000.0,14900000.0,0,80900000.0,9499500000.0,6907400000.0,557300000.0,1231200000.0,0,0,0.5,0.1,0.0,0.0,0.0
DAY,2024-12-31,465200000.0,218600000.0,28500000.0,10800000.0,0,66600000.0,9117000000.0,6570700000.0,579700000.0,1232900000.0,0,0,0.5,0.1,0.0,0.0,0.0
AIZ,2025-09-30,3231500000.0,2521900000.0,331200000.0,265600000.0,0,421400000.0,35782100000.0,30023600000.0,11492000000.0,2206400000.0,0,0,0.8,0.1,0.1,0.0,0.0
AIZ,2025-06-30,3158400000.0,2436900000.0,289000000.0,235300000.0,0,374700000.0,35525900000.0,30027400000.0,1486700000.0,2084400000.0,0,0,0.8,0.1,0.1,0.0,0.0
AIZ,2025-03-31,3074000000.0,2294300000.0,183700000.0,146600000.0,0,267200000.0,34988400000.0,29754200000.0,1669600000.0,2083700000.0,0,0,0.7,0.1,0.0,0.0,0.0
AIZ,2024-12-31,3104800000.0,2434300000.0,250000000.0,201300000.0,0,340700000.0,35020600000.0,29913900000.0,1807700000.0,2083100000.0,0,0,0.8,0.1,0.1,0.0,0.0
BG,2025-09-30,22155000000.0,1063000000.0,385000000.0,166000000.0,0,713000000.0,46298000000.0,29007000000.0,1325000000.0,17778000000.0,0,0,0.0,0.0,0.0,0.0,0.0
BG,2025-06-30,12769000000.0,738000000.0,320000000.0,354000000.0,0,716000000.0,31154000000.0,19198000000.0,6790000000.0,12213000000.0,0,0,0.1,0.0,0.0,0.0,0.0
BG,2025-03-31,11643000000.0,597000000.0,217000000.0,201000000.0,0,508000000.0,26660000000.0,15067000000.0,3245000000.0,7661000000.0,0,0,0.1,0.0,0.0,0.0,0.0
BG,2024-12-31,13542000000.0,1081000000.0,630000000.0,602000000.0,0,966000000.0,24899000000.0,13950000000.0,3311000000.0,7119000000.0,0,0,0.1,0.0,0.0,0.1,0.0
MGM,2025-09-30,4250464000.0,1845597000.0,-112852000.0,-285255000.0,0,143417000.0,41410875000.0,37959486000.0,2133548000.0,31520938000.0,0,0,0.4,-0.0,-0.1,-0.1,-0.0
MGM,2025-06-30,4404870000.0,1959441000.0,404565000.0,48951000.0,0,481315000.0,41699395000.0,37956527000.0,1958020000.0,31591445000.0,0,0,0.4,0.1,0.0,0.0,0.0
MGM,2025-03-31,4277082000.0,1957199000.0,385057000.0,148554000.0,0,610497000.0,41903113000.0,38281691000.0,2270563000.0,31471558000.0,0,0,0.5,0.1,0.0,0.0,0.0
MGM,2024-12-31,4346562000.0,1952170000.0,291565000.0,157432000.0,0,523494000.0,42231627000.0,38511671000.0,2415532000.0,31610449000.0,0,0,0.4,0.1,0.0,0.0,0.0
GL,2025-09-30,1512988000.0,624798000.0,477102000.0,387843000.0,0,513236000.0,30527616000.0,24838528000.0,302716000.0,2714362000.0,0,0,0.4,0.3,0.3,0.1,0.0
GL,2025-06-30,1481287000.0,456477000.0,313299000.0,252749000.0,0,348184000.0,29809348000.0,24390318000.0,239122000.0,2790182000.0,0,0,0.3,0.2,0.2,0.0,0.0
GL,2025-03-31,1480422000.0,459819000.0,316081000.0,254563000.0,0,351073000.0,29705259000.0,24279843000.0,232270000.0,2801836000.0,0,0,0.3,0.2,0.2,0.0,0.0
GL,2024-12-31,1466277000.0,467439000.0,312433000.0,255196000.0,0,348131000.0,29076181000.0,23770661000.0,165325000.0,2739652000.0,0,0,0.3,0.2,0.2,0.0,0.0
HSIC,2025-09-30,3339000000.0,958000000.0,206000000.0,101000000.0,0,255000000.0,11097000000.0,6197000000.0,136000000.0,3441000000.0,0,0,0.3,0.1,0.0,0.0,0.0
HSIC,2025-06-30,3240000000.0,952000000.0,175000000.0,86000000.0,0,235000000.0,10906000000.0,6007000000.0,145000000.0,3358000000.0,0,0,0.3,0.1,0.0,0.0,0.0
HSIC,2025-03-31,3168000000.0,938000000.0,202000000.0,110000000.0,0,253000000.0,10480000000.0,5761000000.0,127000000.0,3224000000.0,0,0,0.3,0.1,0.0,0.0,0.0
HSIC,2024-12-31,3191000000.0,930000000.0,192000000.0,94000000.0,0,237000000.0,10218000000.0,5381000000.0,122000000.0,2870000000.0,0,0,0.3,0.1,0.0,0.0,0.0
ALB,2025-09-30,1307829000.0,117610000.0,-216986000.0,-160694000.0,0,36936000.0,17148285000.0,6879227000.0,1931758000.0,3764166000.0,0,0,0.1,-0.2,-0.1,-0.0,-0.0
ALB,2025-06-30,1329992000.0,196876000.0,47527000.0,22897000.0,0,209699000.0,17291927000.0,6792943000.0,1806829000.0,3717532000.0,0,0,0.1,0.0,0.0,0.0,0.0
ALB,2025-03-31,1076881000.0,156299000.0,19761000.0,41348000.0,0,191765000.0,16999258000.0,6724916000.0,1518511000.0,3640481000.0,0,0,0.1,0.0,0.0,0.0,0.0
ALB,2024-12-31,1231713000.0,138213000.0,4402000.0,75293000.0,0,284536000.0,16609649000.0,6409961000.0,1192230000.0,3615679000.0,0,0,0.1,0.0,0.1,0.0,0.0
PNW,2025-09-30,1820741000.0,707968000.0,649214000.0,413208000.0,0,846026000.0,29892905000.0,22681812000.0,30885000.0,14246594000.0,0,0,0.4,0.4,0.2,0.1,0.0
PNW,2025-06-30,1358751000.0,595138000.0,307552000.0,192564000.0,0,575430000.0,29235181000.0,22407241000.0,18841000.0,14004524000.0,0,0,0.4,0.2,0.1,0.0,0.0
PNW,2025-03-31,1032280000.0,352100000.0,57222000.0,-4644000.0,0,338971000.0,27236478000.0,20390496000.0,10047000.0,12132355000.0,0,0,0.3,0.1,-0.0,-0.0,-0.0
PNW,2024-12-31,1095408000.0,372009000.0,84538000.0,-6827000.0,0,337026000.0,26102760000.0,19245282000.0,3838000.0,11048342000.0,0,0,0.3,0.1,-0.0,-0.0,-0.0
AOS,2025-09-30,942500000.0,364500000.0,175600000.0,132000000.0,0,197000000.0,3170700000.0,1326200000.0,152700000.0,221400000.0,0,0,0.4,0.2,0.1,0.1,0.0
AOS,2025-06-30,1011300000.0,397100000.0,205800000.0,152200000.0,0,226700000.0,3246700000.0,1400800000.0,177900000.0,331600000.0,0,0,0.4,0.2,0.2,0.1,0.0
AOS,2025-03-31,963900000.0,375400000.0,182800000.0,136600000.0,0,204700000.0,3267700000.0,1412600000.0,173000000.0,295000000.0,0,0,0.4,0.2,0.1,0.1,0.0
AOS,2024-12-31,912400000.0,338100000.0,156100000.0,109700000.0,0,157700000.0,3240000000.0,1356500000.0,239600000.0,216700000.0,0,0,0.4,0.2,0.1,0.1,0.0
LKQ,2025-09-30,3499000000.0,1341000000.0,274000000.0,180000000.0,0,373000000.0,15600000000.0,9046000000.0,289000000.0,5505000000.0,0,0,0.4,0.1,0.1,0.0,0.0
LKQ,2025-06-30,3642000000.0,1412000000.0,312000000.0,192000000.0,0,428000000.0,15944000000.0,9401000000.0,289000000.0,5921000000.0,0,0,0.4,0.1,0.1,0.0,0.0
LKQ,2025-03-31,3463000000.0,1377000000.0,287000000.0,169000000.0,0,398000000.0,15469000000.0,9280000000.0,227000000.0,5845000000.0,0,0,0.4,0.1,0.0,0.0,0.0
LKQ,2024-12-31,3357000000.0,1325000000.0,271000000.0,156000000.0,0,381000000.0,14955000000.0,8923000000.0,234000000.0,5609000000.0,0,0,0.4,0.1,0.0,0.0,0.0
WYNN,2025-09-30,1833747000.0,756300000.0,310489000.0,88341000.0,0,499972000.0,12802172000.0,13943642000.0,1486291000.0,12196312000.0,0,0,0.4,0.2,0.0,0.0,0.0
WYNN,2025-06-30,1737797000.0,726206000.0,264600000.0,66218000.0,0,395007000.0,12689027000.0,13897001000.0,1984752000.0,12169551000.0,0,0,0.4,0.2,0.0,0.0,0.0
WYNN,2025-03-31,1700397000.0,718614000.0,268589000.0,72747000.0,0,405456000.0,12724044000.0,13825965000.0,2070086000.0,12184399000.0,0,0,0.4,0.2,0.0,0.0,0.0
WYNN,2024-12-31,1838797000.0,803278000.0,366895000.0,276972000.0,0,595738000.0,12977963000.0,13946566000.0,2426155000.0,12165624000.0,0,0,0.4,0.2,0.2,0.0,0.0
FRT,2025-09-30,322858000.0,217199000.0,110668000.0,61649000.0,0,205549999.0,8862225000.0,5396396000.0,111311000.0,4809176000.0,0,0,0.7,0.3,0.2,0.0,0.0
FRT,2025-06-30,311523000.0,213233000.0,202744000.0,155916000.0,0,293795000.0,8623794000.0,5122503000.0,177003000.0,4573967000.0,0,0,0.7,0.7,0.5,0.0,0.0
FRT,2025-03-31,309154000.0,204783000.0,108133000.0,63768000.0,0,195999000.0,8621850000.0,5176245000.0,109224000.0,4600335000.0,0,0,0.7,0.3,0.2,0.0,0.0
FRT,2024-12-31,311444000.0,209495000.0,109319000.0,65537000.0,0,198553000.0,8524757000.0,5100327000.0,123409000.0,4561252000.0,0,0,0.7,0.4,0.2,0.0,0.0
MTCH,2025-09-30,914275000.0,667232000.0,221334000.0,160749000.0,0,254428000.0,4543439000.0,4767375000.0,1053240000.0,4045306000.0,0,0,0.7,0.2,0.2,0.0,0.0
MTCH,2025-06-30,863738000.0,621800000.0,193921000.0,125478000.0,0,218424000.0,3867816000.0,4098592000.0,335243000.0,3428701000.0,0,0,0.7,0.2,0.1,0.0,0.0
MTCH,2025-03-31,831178000.0,594270000.0,172593000.0,117570000.0,0,207416000.0,3889885000.0,4072597000.0,409422000.0,3427164000.0,0,0,0.7,0.2,0.1,0.0,0.0
MTCH,2024-12-31,860176000.0,623762000.0,223388000.0,158296000.0,0,257688000.0,4465771000.0,4529428000.0,965993000.0,3848983000.0,0,0,0.7,0.3,0.2,0.0,0.0
GNRC,2025-09-30,1114353000.0,426922000.0,103079000.0,66161000.0,0,146010000.0,5598102000.0,2948274000.0,300009000.0,1420156000.0,0,0,0.4,0.1,0.1,0.0,0.0
GNRC,2025-06-30,1061169000.0,416749000.0,111789000.0,74016000.0,0,156415000.0,5388801000.0,2813610000.0,223531000.0,1587004000.0,0,0,0.4,0.1,0.1,0.0,0.0
GNRC,2025-03-31,942121000.0,371986000.0,83638000.0,43840000.0,0,121765000.0,5060454000.0,2587429000.0,187464000.0,1474922000.0,0,0,0.4,0.1,0.0,0.0,0.0
GNRC,2024-12-31,1234801000.0,501417000.0,198014000.0,128853000.0,0,208719000.0,5109331000.0,2611888000.0,281277000.0,1475737000.0,0,0,0.4,0.2,0.1,0.1,0.0
MOS,2025-09-30,3452100000.0,552300000.0,339800000.0,411400000.0,0,935600000.0,24667500000.0,11730500000.0,153300000.0,4804000000.0,0,0,0.2,0.1,0.1,0.0,0.0
MOS,2025-06-30,3005700000.0,518600000.0,244400000.0,410700000.0,0,892100000.0,24304800000.0,11720200000.0,286200000.0,4626500000.0,0,0,0.2,0.1,0.1,0.0,0.0
MOS,2025-03-31,2620900000.0,488400000.0,338500000.0,238100000.0,0,608000000.0,23165700000.0,11249000000.0,259200000.0,4823400000.0,0,0,0.2,0.1,0.1,0.0,0.0
MOS,2024-12-31,2815900000.0,301900000.0,99900000.0,169000000.0,0,532500000.0,22924000000.0,11309300000.0,272800000.0,4449800000.0,0,0,0.1,0.0,0.1,0.0,0.0
IVZ,2025-09-30,1640400000.0,560500000.0,270900000.0,345700000.0,0,410700000.0,28438900000.0,13646600000.0,1523800000.0,1624600000.0,0,0,0.3,0.2,0.2,0.0,0.0
IVZ,2025-06-30,1515500000.0,504400000.0,214200000.0,203400000.0,0,335200000.0,28496900000.0,13538000000.0,1491900000.0,1883900000.0,0,0,0.3,0.1,0.1,0.0,0.0
IVZ,2025-03-31,1529200000.0,555600000.0,277300000.0,230300000.0,0,399500000.0,28143600000.0,12356200000.0,1873400000.0,964800000.0,0,0,0.4,0.2,0.2,0.0,0.0
IVZ,2024-12-31,1593000000.0,602600000.0,311700000.0,268500000.0,0,373900000.0,27008900000.0,11340100000.0,1496000000.0,7546400000.0,0,0,0.4,0.2,0.2,0.0,0.0
LW,2025-11-30,1618100000.0,316800000.0,172200000.0,62100000.0,0,236500000.0,7331000000.0,5576600000.0,82700000.0,3944700000.0,0,0,0.2,0.1,0.0,0.0,0.0
LW,2025-08-31,1659300000.0,342400000.0,156500000.0,64300000.0,0,251800000.0,7236700000.0,5446900000.0,98600000.0,3991600000.0,0,0,0.2,0.1,0.0,0.0,0.0
LW,2025-05-31,1675800000.0,342300000.0,185800000.0,119900000.0,0,280100000.0,7392600000.0,5654900000.0,70700000.0,4155300000.0,0,0,0.2,0.1,0.1,0.1,0.0
LW,2025-02-28,1520500000.0,422500000.0,248700000.0,146000000.0,0,350900000.0,7422800000.0,5789200000.0,67500000.0,4268800000.0,0,0,0.3,0.2,0.1,0.1,0.0
CRL,2025-09-30,1004852000.0,338792000.0,133799000.0,54422000.0,0,197767000.0,7513812000.0,4062995000.0,207670000.0,2631274000.0,0,0,0.3,0.1,0.1,0.0,0.0
CRL,2025-06-30,1032135000.0,357067000.0,100134000.0,52326000.0,0,220892000.0,7560545000.0,4160959000.0,182824000.0,2786038000.0,0,0,0.3,0.1,0.1,0.0,0.0
CRL,2025-03-31,984168000.0,317732000.0,74669000.0,25469000.0,0,184226000.0,7582366000.0,4340584000.0,229356000.0,2985865000.0,0,0,0.3,0.1,0.0,0.0,0.0
CRL,2024-12-31,1002549000.0,284244000.0,-167687000.0,-215699000.0,0,-86453000.0,7528345000.0,4020267000.0,194606000.0,2723994000.0,0,0,0.3,-0.2,-0.2,-0.1,-0.0
ENPH,2025-09-30,410427000.0,196239000.0,66159000.0,66638000.0,0,96068000.0,3320488000.0,2325466000.0,401880000.0,1209361000.0,0,0,0.5,0.2,0.2,0.1,0.0
ENPH,2025-06-30,363153000.0,170493000.0,37007000.0,37052000.0,0,63105000.0,3178789000.0,2298152000.0,370536000.0,1234738000.0,0,0,0.5,0.1,0.1,0.0,0.0
ENPH,2025-03-31,356084000.0,168241000.0,31922000.0,29730000.0,0,68855000.0,3106086000.0,2295388000.0,350077000.0,1208045000.0,0,0,0.5,0.1,0.1,0.0,0.0
ENPH,2024-12-31,382713000.0,198293000.0,54804000.0,62160000.0,0,92616000.0,3249676000.0,2416660000.0,369110000.0,1308195000.0,0,0,0.5,0.1,0.2,0.1,0.0
TFX,2025-09-30,913021000.0,451642000.0,-29699000.0,-408892000.0,0,-323040000.0,7871940000.0,4050077000.0,353997000.0,2769154000.0,0,0,0.5,-0.0,-0.4,-0.1,-0.1
TFX,2025-06-30,780889000.0,431085000.0,155311000.0,122580000.0,0,222666000.0,7375219000.0,3132351000.0,253697000.0,1995151000.0,0,0,0.6,0.2,0.2,0.0,0.0
TFX,2025-03-31,700669000.0,389439000.0,125570000.0,95002000.0,0,194818000.0,7163290000.0,3068126000.0,284122000.0,2004982000.0,0,0,0.6,0.2,0.1,0.0,0.0
TFX,2024-12-31,795409000.0,439915000.0,-110383000.0,-136656000.0,0,-36333000.0,7097914000.0,2819774000.0,290188000.0,1755025000.0,0,0,0.6,-0.1,-0.2,-0.0,-0.0
MKTX,2025-09-30,208821000.0,124930000.0,85579000.0,68176000.0,0,115390000.0,2013908000.0,623725000.0,473299000.0,66872000.0,0,0,0.6,0.4,0.3,0.0,0.0
MKTX,2025-06-30,219462000.0,149778000.0,91864000.0,71180000.0,0,118613000.0,1974938000.0,574038000.0,462837000.0,69230000.0,0,0,0.7,0.4,0.3,0.1,0.0
MKTX,2025-03-31,208576000.0,142475000.0,88382000.0,15065000.0,0,116366000.0,1878096000.0,530783000.0,486224000.0,70803000.0,0,0,0.7,0.4,0.1,0.0,0.0
MKTX,2024-12-31,202404000.0,138566000.0,79976000.0,65139000.0,0,105067000.0,1789216000.0,400556000.0,544478000.0,72654000.0,0,0,0.7,0.4,0.3,0.0,0.0
APA,2025-09-30,2115000000.0,818000000.0,672000000.0,205000000.0,0,1166000000.0,17699000000.0,10836000000.0,475000000.0,4591000000.0,0,0,0.4,0.3,0.1,0.0,0.0
APA,2025-06-30,2178000000.0,791000000.0,671000000.0,603000000.0,0,1628000000.0,18078000000.0,11175000000.0,107000000.0,4664000000.0,0,0,0.4,0.3,0.3,0.1,0.0
APA,2025-03-31,2636000000.0,1008000000.0,773000000.0,347000000.0,0,1493000000.0,18531000000.0,12068000000.0,67000000.0,5491000000.0,0,0,0.4,0.3,0.1,0.1,0.0
APA,2024-12-31,2712000000.0,1099000000.0,831000000.0,354000000.0,0,1337000000.0,19390000000.0,13028000000.0,625000000.0,6162000000.0,0,0,0.4,0.3,0.1,0.1,0.0
HAS,2025-09-30,1387500000.0,948600000.0,341100000.0,233200000.0,0,394200000.0,5521800000.0,5088000000.0,620900000.0,3346300000.0,0,0,0.7,0.2,0.2,0.5,0.0
HAS,2025-06-30,980800000.0,732100000.0,223700000.0,-855800000.0,0,-735800000.0,5174400000.0,4904700000.0,546600000.0,3348800000.0,0,0,0.7,0.2,-0.9,-3.2,-0.2
HAS,2025-03-31,887100000.0,625600000.0,170700000.0,98600000.0,0,219800000.0,6040000000.0,4842500000.0,620800000.0,3360300000.0,0,0,0.7,0.2,0.1,0.1,0.0
HAS,2024-12-31,1101600000.0,662900000.0,59800000.0,-34300000.0,0,48900000.0,6340300000.0,5155300000.0,694700000.0,3410600000.0,0,0,0.6,0.1,-0.0,-0.0,-0.0
AES,2025-09-30,3351000000.0,735000000.0,554000000.0,634000000.0,0,1493000000.0,50783000000.0,40253000000.0,1758000000.0,30849000000.0,0,0,0.2,0.2,0.2,0.1,0.0
AES,2025-06-30,2855000000.0,454000000.0,405000000.0,-105000000.0,0,739000000.0,48542000000.0,40859000000.0,1350000000.0,30271000000.0,0,0,0.2,0.1,-0.0,-0.0,-0.0
AES,2025-03-31,2926000000.0,440000000.0,363000000.0,46000000.0,0,641000000.0,48615000000.0,40890000000.0,1753000000.0,30576000000.0,0,0,0.2,0.1,0.0,0.0,0.0
AES,2024-12-31,2962000000.0,420000000.0,330000000.0,560000000.0,0,959000000.0,47406000000.0,39702000000.0,1524000000.0,29018000000.0,0,0,0.1,0.1,0.2,0.1,0.0
CE,2025-09-30,2419000000.0,521000000.0,-1275000000.0,-1357000000.0,0,-982000000.0,22169000000.0,17790000000.0,1440000000.0,13132000000.0,0,0,0.2,-0.5,-0.6,-0.3,-0.1
CE,2025-06-30,2532000000.0,535000000.0,233000000.0,199000000.0,0,505000000.0,23713000000.0,18009000000.0,1173000000.0,13314000000.0,0,0,0.2,0.1,0.1,0.0,0.0
CE,2025-03-31,2389000000.0,476000000.0,168000000.0,-21000000.0,0,358000000.0,23197000000.0,17582000000.0,951000000.0,13146000000.0,0,0,0.2,0.1,-0.0,-0.0,-0.0
CE,2024-12-31,2370000000.0,539000000.0,-1405000000.0,-1914000000.0,0,-1166000000.0,22857000000.0,17248000000.0,962000000.0,12952000000.0,0,0,0.2,-0.6,-0.8,-0.3,-0.1
QRVO,2025-09-30,1058503000.0,497088000.0,157683000.0,119603000.0,0,240283000.0,6095904000.0,2586055000.0,1103285000.0,1549185000.0,0,0,0.5,0.1,0.1,0.0,0.0
QRVO,2025-06-30,818778000.0,331802000.0,30086000.0,25594000.0,0,117932000.0,5997524000.0,2560455000.0,1165478000.0,1549200000.0,0,0,0.4,0.0,0.0,0.0,0.0
QRVO,2025-03-31,869474000.0,366563000.0,28221000.0,31365000.0,0,105986000.0,5933131000.0,2540819000.0,1021176000.0,1549215000.0,0,0,0.4,0.0,0.0,0.0,0.0
QRVO,2024-12-31,916317000.0,391416000.0,53025000.0,41271000.0,0,141378000.0,5963096000.0,2582663000.0,769432000.0,1549230000.0,0,0,0.4,0.1,0.0,0.0,0.0
MHK,2025-09-30,2757800000.0,654800000.0,136800000.0,108900000.0,0,307400000.0,13620500000.0,5279500000.0,516200000.0,2338100000.0,0,0,0.2,0.0,0.0,0.0,0.0
MHK,2025-06-30,2802100000.0,714400000.0,188700000.0,146400000.0,0,341300000.0,13778800000.0,5481200000.0,546700000.0,2629100000.0,0,0,0.3,0.1,0.1,0.0,0.0
MHK,2025-03-31,2525800000.0,583300000.0,96000000.0,72600000.0,0,246900000.0,13408500000.0,5546600000.0,702500000.0,2788200000.0,0,0,0.2,0.0,0.0,0.0,0.0
MHK,2024-12-31,2637200000.0,621800000.0,121800000.0,93200000.0,0,277800000.0,12778600000.0,5221700000.0,666600000.0,950900000.0,0,0,0.2,0.0,0.0,0.0,0.0
HII,2025-09-30,3192000000.0,394000000.0,149000000.0,145000000.0,0,307000000.0,12309000000.0,7325000000.0,312000000.0,2926000000.0,0,0,0.1,0.0,0.0,0.0,0.0
HII,2025-06-30,3082000000.0,395000000.0,154000000.0,152000000.0,0,299000000.0,12098000000.0,7216000000.0,343000000.0,2909000000.0,0,0,0.1,0.0,0.0,0.0,0.0
HII,2025-03-31,2734000000.0,394000000.0,161000000.0,149000000.0,0,294000000.0,12103000000.0,7330000000.0,167000000.0,3406000000.0,0,0,0.1,0.1,0.1,0.0,0.0
HII,2024-12-31,3004000000.0,321000000.0,110000000.0,123000000.0,0,242000000.0,12141000000.0,7475000000.0,831000000.0,3408000000.0,0,0,0.1,0.0,0.0,0.0,0.0
CZR,2025-09-30,2869000000.0,1061000000.0,503000000.0,-55000000.0,0,869000000.0,31900000000.0,27925000000.0,836000000.0,24860000000.0,0,0,0.4,0.2,-0.0,-0.0,-0.0
CZR,2025-06-30,2907000000.0,1485000000.0,526000000.0,-82000000.0,0,898000000.0,32478000000.0,28359000000.0,982000000.0,25160000000.0,0,0,0.5,0.2,-0.0,-0.0,-0.0
CZR,2025-03-31,2794000000.0,1412000000.0,488000000.0,-115000000.0,0,850000000.0,32398000000.0,28119000000.0,884000000.0,25090000000.0,0,0,0.5,0.2,-0.0,-0.0,-0.0
CZR,2024-12-31,2799000000.0,1403000000.0,669000000.0,11000000.0,0,979000000.0,32590000000.0,28214000000.0,866000000.0,25062000000.0,0,0,0.5,0.2,0.0,0.0,0.0
BWA,2025-09-30,3590000000.0,665000000.0,323000000.0,158000000.0,0,498000000.0,14496000000.0,8346000000.0,2172000000.0,4060000000.0,0,0,0.2,0.1,0.0,0.0,0.0
BWA,2025-06-30,3638000000.0,644000000.0,330000000.0,224000000.0,0,493000000.0,14399000000.0,8330000000.0,2041000000.0,4077000000.0,0,0,0.2,0.1,0.1,0.0,0.0
BWA,2025-03-31,3515000000.0,641000000.0,324000000.0,157000000.0,0,421000000.0,13830000000.0,7940000000.0,1707000000.0,4040000000.0,0,0,0.2,0.1,0.0,0.0,0.0
BWA,2024-12-31,3437000000.0,674000000.0,332000000.0,-405000000.0,0,-107000000.0,13993000000.0,8287000000.0,2094000000.0,4343000000.0,0,0,0.2,0.1,-0.1,-0.1,-0.0
FMC,2025-09-30,489000000.0,75700000.0,-467300000.0,-569300000.0,0,-350400000.0,12078800000.0,8278000000.0,497700000.0,4542200000.0,0,0,0.2,-1.0,-1.2,-0.1,-0.0
FMC,2025-06-30,1050500000.0,407300000.0,164100000.0,66700000.0,0,170100000.0,12297100000.0,7869000000.0,438200000.0,4163300000.0,0,0,0.4,0.2,0.1,0.0,0.0
FMC,2025-03-31,791400000.0,317000000.0,76300000.0,-15500000.0,0,101700000.0,11800900000.0,7389300000.0,315300000.0,4003500000.0,0,0,0.4,0.1,-0.0,-0.0,-0.0
FMC,2024-12-31,1224300000.0,510900000.0,282100000.0,-16800000.0,0,332900000.0,11653300000.0,7144500000.0,357300000.0,3495900000.0,0,0,0.4,0.2,-0.0,-0.0,-0.0
AMTM,2025-09-30,3925000000.0,296000000.0,120000000.0,40000000.0,0,258000000.0,11460000000.0,6840000000.0,437000000.0,42000000.0,0,0,0.1,0.0,0.0,0.0,0.0
AMTM,2025-06-30,3561000000.0,250000000.0,117000000.0,10000000.0,0,229000000.0,11808000000.0,7219000000.0,738000000.0,4484000000.0,0,0,0.1,0.0,0.0,0.0,0.0
AMTM,2025-03-31,3491000000.0,247000000.0,123000000.0,4000000.0,0,239000000.0,12004000000.0,7425000000.0,546000000.0,4679000000.0,0,0,0.1,0.0,0.0,0.0,0.0
AMTM,2024-12-31,3416000000.0,241000000.0,120000000.0,12000000.0,0,261000000.0,11919000000.0,7356000000.0,522000000.0,4680000000.0,0,0,0.1,0.0,0.0,0.0,0.0
